Unnamed: 0,Ticker Symbol,Period Ending,Accounts Payable,Accounts Receivable,Add'l income/expense items,After Tax ROE,Capital Expenditures,Capital Surplus,Cash Ratio,Cash and Cash Equivalents,Changes in Inventories,Common Stocks,Cost of Revenue,Current Ratio,Deferred Asset Charges,Deferred Liability Charges,Depreciation,Earnings Before Interest and Tax,Earnings Before Tax,Effect of Exchange Rate,Equity Earnings/Loss Unconsolidated Subsidiary,Fixed Assets,Goodwill,Gross Margin,Gross Profit,Income Tax,Intangible Assets,Interest Expense,Inventory,Investments,Liabilities,Long-Term Debt,Long-Term Investments,Minority Interest,Misc. Stocks,Net Borrowings,Net Cash Flow,Net Cash Flow-Operating,Net Cash Flows-Financing,Net Cash Flows-Investing,Net Income,Net Income Adjustments,Net Income Applicable to Common Shareholders,Net Income-Cont. Operations,Net Receivables,Non-Recurring Items,Operating Income,Operating Margin,Other Assets,Other Current Assets,Other Current Liabilities,Other Equity,Other Financing Activities,Other Investing Activities,Other Liabilities,Other Operating Activities,Other Operating Items,Pre-Tax Margin,Pre-Tax ROE,Profit Margin,Quick Ratio,Research and Development,Retained Earnings,Sale and Purchase of Stock,"Sales, General and Admin.",Short-Term Debt / Current Portion of Long-Term Debt,Short-Term Investments,Total Assets,Total Current Assets,Total Current Liabilities,Total Equity,Total Liabilities,Total Liabilities & Equity,Total Revenue,Treasury Stock,For Year,Earnings Per Share,Estimated Shares Outstanding,Ticker symbol,Security,SEC filings,GICS Sector,GICS Sub Industry,Address of Headquarters,Date first added,CIK,Revenue_Growth,Inventory_Change
190,BAC,2012-12-31,148579000000.0,0.0,0.0,2.0,5000000.0,0.0,,626626000000.0,0.0,158142000000.0,3753000000.0,,0.0,0.0,5618000000.0,17826000000.0,3072000000.0,-731000000.0,2070000000.0,11858000000.0,69976000000.0,0.0,0.0,-1116000000.0,6684000000.0,12991000000.0,0.0,-37463000000.0,24061000000.0,119603000000.0,1550507000000.0,0.0,0.0,-28811000000.0,-9350000000.0,-16056000000.0,42416000000.0,-34979000000.0,4188000000.0,-43450000000.0,2760000000.0,6258000000.0,71467000000.0,0.0,0.0,0.0,150112000000.0,0.0,1105261000000.0,-2797000000.0,72469000000.0,2479000000.0,0.0,-6473000000.0,9433000000.0,3.0,1.0,4.0,,0.0,62843000000.0,667000000.0,70829000000.0,323990000000.0,0.0,2209974000000.0,0.0,0.0,236956000000.0,1973018000000.0,2209974000000.0,100078000000.0,0.0,2012.0,0.26,16107692307.7,BAC,Bank of America Corp,reports,Financials,Banks,"Charlotte, North Carolina",1976-06-30,70858,,
227,BK,2013-12-31,38410000000.0,0.0,141000000.0,6.0,-609000000.0,24002000000.0,,155280000000.0,0.0,13000000.0,0.0,,0.0,0.0,1389000000.0,4120000000.0,3777000000.0,-46000000.0,0.0,1655000000.0,18073000000.0,100.0,14942000000.0,1592000000.0,4452000000.0,343000000.0,0.0,-6050000000.0,-465000000.0,37557000000.0,172994000000.0,783000000.0,230000000.0,2776000000.0,1733000000.0,-642000000.0,15621000000.0,-13200000000.0,2104000000.0,195000000.0,2040000000.0,2104000000.0,621000000.0,666000000.0,3636000000.0,24.0,21441000000.0,0.0,261129000000.0,-892000000.0,13833000000.0,169000000.0,4873000000.0,-3946000000.0,307000000.0,25.0,10.0,14.0,,0.0,15952000000.0,-244000000.0,10894000000.0,9744000000.0,0.0,374516000000.0,0.0,0.0,37497000000.0,337019000000.0,374516000000.0,14942000000.0,-3140000000.0,2013.0,1.75,1202285714.29,BK,The Bank of New York Mellon Corp.,reports,Financials,Banks,"New York, New York",,1390777,0.028496696035242186,
250,C,2012-12-31,57013000000.0,0.0,3251000000.0,4.0,-3604000000.0,106391000000.0,,399898000000.0,0.0,30000000.0,0.0,,0.0,0.0,2710000000.0,28437000000.0,7825000000.0,274000000.0,0.0,0.0,25673000000.0,100.0,59581000000.0,7000000.0,5697000000.0,20612000000.0,0.0,-35338000000.0,-13096000000.0,355012000000.0,1263264000000.0,1948000000.0,0.0,-79033000000.0,7752000000.0,-10362000000.0,-12501000000.0,30335000000.0,7541000000.0,8230000000.0,7541000000.0,7818000000.0,22490000000.0,18629000000.0,4574000000.0,8.0,147638000000.0,0.0,930560000000.0,-16896000000.0,64624000000.0,1089000000.0,67815000000.0,-15741000000.0,10442000000.0,13.0,4.0,13.0,,0.0,97809000000.0,2051000000.0,50923000000.0,263263000000.0,0.0,1864660000000.0,0.0,0.0,189049000000.0,1675611000000.0,1864660000000.0,59581000000.0,-847000000.0,2012.0,2.51,3004382470.12,C,Citigroup Inc.,reports,Financials,Banks,"New York, New York",1988-05-31,831001,,
456,DHI,2013-09-30,1286000000.0,0.0,23400000.0,11.0,-58000000.0,2042000000.0,,1055200000.0,-2050900000.0,3300000.0,4853500000.0,,0.0,0.0,62400000.0,662900000.0,657800000.0,0.0,0.0,106700000.0,38900000.0,22.0,1405800000.0,195100000.0,0.0,5100000.0,6197400000.0,241400000.0,139500000.0,3509000000.0,395100000.0,2900000.0,0.0,962800000.0,-109400000.0,-1229300000.0,939000000.0,180900000.0,462700000.0,174100000.0,462700000.0,462700000.0,586600000.0,0.0,755900000.0,12.0,476500000.0,0.0,0.0,1900000.0,6700000.0,-2500000.0,0.0,-17100000.0,0.0,11.0,16.0,7.0,,0.0,2145600000.0,29700000.0,649900000.0,0.0,0.0,8856400000.0,0.0,0.0,4058500000.0,4797900000.0,8856400000.0,6259300000.0,-134300000.0,2013.0,1.44,321319444.444,DHI,D. R. Horton,reports,Consumer Discretionary,Homebuilding,"Fort Worth, Texas",,882184,,
457,DHI,2014-09-30,1400000000.0,0.0,23300000.0,10.0,-100200000.0,2613700000.0,,671800000.0,-1431800000.0,3700000.0,6268600000.0,,0.0,0.0,65800000.0,814200000.0,814200000.0,0.0,0.0,190800000.0,94800000.0,22.0,1756300000.0,280700000.0,0.0,0.0,7700500000.0,-176300000.0,115900000.0,3665700000.0,476900000.0,3900000.0,0.0,630700000.0,-315600000.0,-661400000.0,627900000.0,-282100000.0,533500000.0,128200000.0,533500000.0,533500000.0,565000000.0,0.0,929400000.0,12.0,485600000.0,0.0,0.0,2200000.0,600000.0,-5600000.0,0.0,-73000000.0,0.0,10.0,16.0,7.0,,0.0,2630500000.0,45200000.0,826900000.0,0.0,0.0,10185400000.0,0.0,0.0,5115800000.0,5069600000.0,10185400000.0,8024900000.0,-134300000.0,2014.0,1.57,339808917.197,DHI,D. R. Horton,reports,Consumer Discretionary,Homebuilding,"Fort Worth, Texas",,882184,0.2820762705094819,0.24253719301642618
667,FMC,2015-12-31,1273500000.0,140900000.0,1300000.0,26.0,-108500000.0,417700000.0,5.0,78600000.0,78300000.0,18600000.0,2201100000.0,204.0,286900000.0,173200000.0,115700000.0,-49100000.0,-130500000.0,-5300000.0,-200000.0,1016400000.0,776100000.0,33.0,1075400000.0,47400000.0,837000000.0,81400000.0,800200000.0,66400000.0,-585500000.0,2036300000.0,2500000.0,42600000.0,0.0,66100000.0,-30900000.0,-277100000.0,-16700000.0,-1285500000.0,489000000.0,-381300000.0,489000000.0,-177900000.0,1851400000.0,244000000.0,-50200000.0,2.0,435100000.0,241700000.0,67200000.0,-457300000.0,0.0,-1243400000.0,754800000.0,1410000000.0,0.0,4.0,7.0,15.0,149.0,143700000.0,3385000000.0,2200000.0,737900000.0,112600000.0,0.0,6325900000.0,2971900000.0,1453300000.0,1865700000.0,4460200000.0,6325900000.0,3276500000.0,-1498300000.0,2015.0,3.66,133606557.377,FMC,FMC Corporation,reports,Materials,Diversified Chemicals,"Philadelphia, Pennsylvania",2009-08-19,37785,0.00546230091754385,0.31698485845951274
675,FSLR,2015-12-31,836392000.0,-340292000.0,10146000.0,10.0,-166438000.0,2742795000.0,190.0,1126826000.0,113537000.0,102000.0,2659728000.0,348.0,357693000.0,0.0,257825000.0,526810000.0,519835000.0,-19272000.0,20430000.0,1391895000.0,84985000.0,26.0,919267000.0,-6156000.0,110002000.0,6975000.0,380424000.0,11088000.0,-34060000.0,251325000.0,417692000.0,0.0,0.0,139965000.0,-355228000.0,-360919000.0,137103000.0,-112140000.0,546421000.0,298000.0,546421000.0,546421000.0,561076000.0,16818000.0,516664000.0,14.0,1608478000.0,573806000.0,86318000.0,15480000.0,-20569000.0,43210000.0,555719000.0,-904648000.0,0.0,15.0,9.0,15.0,309.0,130593000.0,2790110000.0,0.0,255192000.0,38090000.0,703454000.0,7316331000.0,3345586000.0,960800000.0,5548487000.0,1767844000.0,7316331000.0,3578995000.0,0.0,2015.0,5.42,100815682.657,FSLR,First Solar Inc,reports,Information Technology,Semiconductors,"Tempe, Arizona",2009-10-16,1274494,0.05538119838274924,-0.24681639635073493
896,KEY,2014-09-30,106237000.0,-11681000.0,-69108000.0,12.0,-14553000.0,851624000.0,,387095000.0,-230138000.0,27000.0,1200308000.0,,0.0,0.0,13279000.0,-6874000.0,-6874000.0,0.0,6545000.0,18673000.0,0.0,18.0,263459000.0,-41797000.0,0.0,0.0,1561353000.0,-17478000.0,35439000.0,1535433000.0,38341000.0,0.0,0.0,11908000.0,-180305000.0,-160469000.0,12195000.0,-32031000.0,34383000.0,-5411000.0,34383000.0,34923000.0,37298000.0,0.0,55689000.0,4.0,23460000.0,0.0,0.0,-1276000.0,287000.0,0.0,145432000.0,3660000.0,13279000.0,0.0,2.0,2.0,,0.0,-571257000.0,0.0,194491000.0,0.0,0.0,2066220000.0,0.0,0.0,279118000.0,1787102000.0,2066220000.0,1463767000.0,0.0,,,,KEY,KeyCorp,reports,Financials,Banks,"Cleveland, Ohio",1994-03-01,91576,0.13683841820722176,0.18840889681828066
897,KEY,2015-09-30,113539000.0,-17757000.0,-30093000.0,55.0,-15964000.0,857553000.0,,290484000.0,-121700000.0,33000.0,1354969000.0,,0.0,0.0,13338000.0,22030000.0,22030000.0,0.0,536000.0,22230000.0,0.0,17.0,272444000.0,-324569000.0,0.0,0.0,1697590000.0,43341000.0,17562000.0,1516367000.0,13734000.0,0.0,0.0,-18699000.0,-72571000.0,-81049000.0,-18899000.0,27377000.0,344094000.0,-315791000.0,344094000.0,346599000.0,378171000.0,0.0,51587000.0,3.0,7086000.0,0.0,0.0,0.0,-200000.0,0.0,148966000.0,-795000.0,13338000.0,1.0,3.0,21.0,,0.0,-227163000.0,0.0,207519000.0,0.0,0.0,2409295000.0,0.0,0.0,630423000.0,1778872000.0,2409295000.0,1627413000.0,0.0,,,,KEY,KeyCorp,reports,Financials,Banks,"Cleveland, Ohio",1994-03-01,91576,0.11179784760825995,0.08725573268825171
915,KMX,2013-02-28,484764000.0,-997766000.0,1113000.0,14.0,-235707000.0,972250000.0,98.0,673651000.0,-425221000.0,112953000.0,9498456000.0,338.0,145875000.0,0.0,95283000.0,733708000.0,701351000.0,0.0,0.0,1428970000.0,0.0,13.0,1464362000.0,267067000.0,0.0,32357000.0,1517813000.0,-3577000.0,-35797000.0,6009627000.0,5895918000.0,0.0,0.0,1156330000.0,6706000.0,-778441000.0,1040421000.0,-255274000.0,434284000.0,155750000.0,434284000.0,434284000.0,97154000.0,0.0,732595000.0,7.0,107708000.0,21513000.0,0.0,-59808000.0,0.0,-15990000.0,175635000.0,-4974000.0,0.0,6.0,23.0,4.0,116.0,0.0,1993772000.0,-140009000.0,731767000.0,199409000.0,0.0,9888602000.0,2310131000.0,684173000.0,3019167000.0,6869435000.0,9888602000.0,10962818000.0,0.0,2013.0,1.9,228570526.316,KMX,Carmax Inc,reports,Consumer Discretionary,Specialty Stores,"Richmond, Virginia",2010-06-28,1170010,,
916,KMX,2014-02-28,632518000.0,-1312104000.0,-1497000.0,15.0,-310317000.0,1038209000.0,101.0,887200000.0,-123611000.0,110843000.0,10925598000.0,302.0,152199000.0,0.0,101911000.0,828156000.0,797322000.0,0.0,0.0,1652977000.0,0.0,13.0,1648701000.0,304736000.0,0.0,30834000.0,1641424000.0,-5246000.0,36868000.0,7340431000.0,7147848000.0,0.0,0.0,1373985000.0,178537000.0,-613163000.0,1128381000.0,-336681000.0,492586000.0,200960000.0,492586000.0,492586000.0,87789000.0,0.0,829653000.0,7.0,110909000.0,26811000.0,0.0,-46271000.0,0.0,-21118000.0,174232000.0,-9773000.0,0.0,6.0,24.0,4.0,114.0,0.0,2214216000.0,-268248000.0,819048000.0,242979000.0,0.0,11707157000.0,2643224000.0,875497000.0,3316997000.0,8390160000.0,11707157000.0,12574299000.0,0.0,2014.0,2.2,223902727.273,KMX,Carmax Inc,reports,Consumer Discretionary,Specialty Stores,"Richmond, Virginia",2010-06-28,1170010,0.1469951430371279,0.08144020376686711
917,KMX,2015-02-28,706671000.0,-1427766000.0,-3292000.0,19.0,-309817000.0,1123520000.0,32.0,321728000.0,-445450000.0,104435000.0,12381189000.0,260.0,175738000.0,0.0,115173000.0,993804000.0,969331000.0,0.0,0.0,1862538000.0,0.0,13.0,1887527000.0,371973000.0,0.0,24473000.0,2086874000.0,-11763000.0,-26086000.0,8818750000.0,8435504000.0,0.0,0.0,1514145000.0,-600295000.0,-968130000.0,728579000.0,-360744000.0,597358000.0,234763000.0,597358000.0,597358000.0,137690000.0,0.0,997096000.0,7.0,133483000.0,44646000.0,0.0,-65391000.0,0.0,-39164000.0,225493000.0,-16122000.0,0.0,7.0,31.0,4.0,51.0,0.0,1994221000.0,-834518000.0,890431000.0,290502000.0,0.0,13198201000.0,2590938000.0,997173000.0,3156785000.0,10041416000.0,13198201000.0,14268716000.0,0.0,2015.0,2.77,215652707.581,KMX,Carmax Inc,reports,Consumer Discretionary,Specialty Stores,"Richmond, Virginia",2010-06-28,1170010,0.13475240249973375,0.27138021620251673
918,KMX,2016-02-29,689684000.0,-1197068000.0,-12559000.0,21.0,-315584000.0,1130822000.0,38.0,381223000.0,154845000.0,97356000.0,13130915000.0,246.0,161862000.0,0.0,137360000.0,1046302000.0,1009944000.0,0.0,0.0,2161698000.0,0.0,13.0,2018760000.0,386516000.0,0.0,36358000.0,1932029000.0,-11139000.0,-142294000.0,10342323000.0,9536892000.0,0.0,0.0,1445347000.0,9788000.0,-148893000.0,537476000.0,-378795000.0,623428000.0,259767000.0,623428000.0,623428000.0,132171000.0,0.0,1058861000.0,7.0,149343000.0,26358000.0,0.0,-70196000.0,0.0,-52072000.0,229274000.0,15069000.0,0.0,7.0,35.0,4.0,54.0,0.0,1746804000.0,-936903000.0,959899000.0,315509000.0,0.0,14481576000.0,2471781000.0,1005193000.0,2904786000.0,11576790000.0,14481576000.0,15149675000.0,0.0,2016.0,3.07,203071009.772,KMX,Carmax Inc,reports,Consumer Discretionary,Specialty Stores,"Richmond, Virginia",2010-06-28,1170010,0.061740593897867235,-0.07419949647175628
947,LEN,2013-11-30,271365000.0,-20578000.0,44133000.0,12.0,-8126000.0,2721246000.0,,935663000.0,-1627136000.0,21781000.0,4920664000.0,,0.0,0.0,53846000.0,775854000.0,681941000.0,0.0,45885000.0,0.0,0.0,17.0,1014431000.0,177015000.0,0.0,93913000.0,6601048000.0,318326000.0,181733000.0,4194432000.0,1113601000.0,458569000.0,0.0,-29384000.0,-340238000.0,-807714000.0,-221773000.0,689249000.0,479674000.0,101646000.0,479674000.0,525559000.0,51935000.0,0.0,685836000.0,12.0,1751786000.0,0.0,0.0,0.0,10148000.0,379049000.0,2179980000.0,-2151000.0,0.0,11.0,16.0,8.0,,0.0,2053893000.0,30030000.0,328595000.0,0.0,0.0,11273247000.0,0.0,0.0,4168901000.0,7104346000.0,11273247000.0,5935095000.0,-628019000.0,2013.0,2.48,193416935.484,LEN,Lennar Corp.,reports,Consumer Discretionary,Homebuilding,"Miami, Florida",,920760,,
948,LEN,2014-11-30,412558000.0,-508364000.0,10921000.0,13.0,-22599000.0,2239574000.0,,895578000.0,-1367415000.0,20722000.0,6336272000.0,,0.0,0.0,59929000.0,1006335000.0,969784000.0,0.0,73376000.0,0.0,0.0,19.0,1443540000.0,341091000.0,0.0,36551000.0,7736600000.0,146221000.0,326087000.0,4661266000.0,656837000.0,424282000.0,0.0,836307000.0,311309000.0,-788488000.0,661438000.0,438359000.0,638916000.0,105502000.0,638916000.0,712292000.0,93444000.0,0.0,922038000.0,12.0,3540692000.0,0.0,0.0,130000.0,7497000.0,314737000.0,2598025000.0,-32920000.0,0.0,12.0,20.0,8.0,,0.0,2660034000.0,6034000.0,521502000.0,0.0,0.0,12923151000.0,0.0,0.0,4827020000.0,8096131000.0,12923151000.0,7779812000.0,-93440000.0,2014.0,3.12,204780769.231,LEN,Lennar Corp.,reports,Consumer Discretionary,Homebuilding,"Miami, Florida",,920760,0.31081507541159836,0.1720260176868884
949,LEN,2015-11-30,475909000.0,-405171000.0,30870000.0,14.0,-91355000.0,2305560000.0,,906913000.0,-1126907000.0,21364000.0,7757571000.0,,0.0,0.0,63540000.0,1222070000.0,1209616000.0,0.0,105184000.0,0.0,0.0,18.0,1716437000.0,390416000.0,0.0,12454000.0,8740596000.0,-231043000.0,225790000.0,5025130000.0,741551000.0,301128000.0,0.0,573610000.0,-123369000.0,-419646000.0,394670000.0,-98393000.0,802894000.0,11180000.0,802894000.0,908078000.0,74538000.0,0.0,1086016000.0,11.0,3955911000.0,0.0,0.0,39000.0,113000.0,224005000.0,2968398000.0,-7278000.0,0.0,13.0,21.0,8.0,,0.0,3429736000.0,-12487000.0,630421000.0,0.0,0.0,14419509000.0,0.0,0.0,5648944000.0,8770565000.0,14419509000.0,9474008000.0,-107755000.0,2015.0,3.87,207466149.871,LEN,Lennar Corp.,reports,Consumer Discretionary,Homebuilding,"Miami, Florida",,920760,0.21776824427119834,0.12977225137657378
989,LUK,2014-12-31,10516491000.0,-499310000.0,1653010000.0,2.0,-600837000.0,5059508000.0,87.0,7721449000.0,0.0,367499000.0,8024286000.0,131.0,1712535000.0,0.0,139744000.0,1346818000.0,381222000.0,-10525000.0,138527000.0,726376000.0,0.0,25.0,2657611000.0,165971000.0,2720763000.0,965596000.0,0.0,1058274000.0,3898726000.0,8527929000.0,1994038000.0,67864000.0,186686000.0,1038773000.0,369180000.0,-987160000.0,917782000.0,449083000.0,199025000.0,285318000.0,204306000.0,215251000.0,3934825000.0,59695000.0,-444719000.0,4.0,1807284000.0,10785379000.0,19582167000.0,447082000.0,1921000.0,-8354000.0,0.0,-5010663000.0,185993000.0,4.0,4.0,2.0,131.0,0.0,4428069000.0,-22044000.0,2856642000.0,3315613000.0,21221259000.0,52623908000.0,43662912000.0,33414271000.0,10302158000.0,42196750000.0,52498908000.0,10681897000.0,0.0,2014.0,0.54,368564814.815,LUK,Leucadia National Corp.,reports,Financials,Multi-Sector Holdings,"New York, New York",2007-08-27,96223,0.12066153869718743,
990,LUK,2015-12-31,7107081000.0,463620000.0,1567425000.0,2.0,-295894000.0,4986819000.0,81.0,4389732000.0,0.0,362617000.0,7677233000.0,133.0,1575368000.0,0.0,172073000.0,1265417000.0,356536000.0,-5554000.0,110281000.0,721875000.0,0.0,24.0,2439269000.0,109947000.0,2648362000.0,908881000.0,0.0,1067441000.0,-5472653000.0,7407594000.0,2361089000.0,64679000.0,191633000.0,-449009000.0,-638127000.0,-761755000.0,-651983000.0,781165000.0,252111000.0,128414000.0,279587000.0,246589000.0,3830967000.0,7353000.0,-412289000.0,4.0,1482092000.0,10829882000.0,16807298000.0,438793000.0,750000.0,9618000.0,0.0,3694680000.0,224133000.0,4.0,3.0,2.0,133.0,0.0,4612982000.0,-103897000.0,2620072000.0,4235316000.0,18500445000.0,46339812000.0,37551026000.0,28149695000.0,10401211000.0,35813601000.0,46214812000.0,10116502000.0,0.0,2015.0,0.74,340690540.541,LUK,Leucadia National Corp.,reports,Financials,Multi-Sector Holdings,"New York, New York",2007-08-27,96223,-0.05293020518733704,
1150,NFLX,2015-12-31,393880000.0,0.0,-31225000.0,6.0,-91248000.0,0.0,65.0,1809330000.0,0.0,1324809000.0,4591476000.0,154.0,0.0,0.0,3547045000.0,274601000.0,141885000.0,-15924000.0,0.0,173412000.0,0.0,32.0,2188035000.0,19244000.0,4312817000.0,132716000.0,0.0,-8074000.0,172560000.0,2371362000.0,0.0,0.0,0.0,1500000000.0,695722000.0,-749439000.0,1640277000.0,-179192000.0,122641000.0,-4592012000.0,122641000.0,122641000.0,0.0,0.0,305826000.0,5.0,284802000.0,3121125000.0,3135744000.0,-43308000.0,-545000.0,-79870000.0,2078459000.0,327000.0,0.0,2.0,6.0,2.0,154.0,650788000.0,941925000.0,60351000.0,1231421000.0,0.0,501385000.0,10202871000.0,5431840000.0,3529624000.0,2223426000.0,7979445000.0,10202871000.0,6779511000.0,0.0,2015.0,0.29,422900000.0,NFLX,Netflix Inc.,reports,Information Technology,Internet Software & Services,"Los Gatos, California",2010-12-20,1065280,0.23159576184233854,
1151,NFLX,2016-12-31,510474000.0,0.0,30828000.0,7.0,-107653000.0,0.0,38.0,1467576000.0,0.0,1599762000.0,6029901000.0,125.0,0.0,0.0,4924978000.0,410621000.0,260507000.0,-9165000.0,0.0,250395000.0,0.0,32.0,2800768000.0,73829000.0,7274501000.0,150114000.0,0.0,235536000.0,197704000.0,3364311000.0,0.0,0.0,0.0,1000000000.0,-341754000.0,-1473984000.0,1091630000.0,49765000.0,186678000.0,-6778020000.0,186678000.0,186678000.0,0.0,0.0,379793000.0,4.0,341423000.0,3986509000.0,4076183000.0,-48565000.0,230000.0,-78118000.0,2955842000.0,-5324000.0,0.0,3.0,10.0,2.0,125.0,852098000.0,1128603000.0,26279000.0,1568877000.0,0.0,266206000.0,13586610000.0,5720291000.0,4586657000.0,2679800000.0,10906810000.0,13586610000.0,8830669000.0,0.0,,,,NFLX,Netflix Inc.,reports,Information Technology,Internet Software & Services,"Los Gatos, California",2010-12-20,1065280,0.30255249973043785,
1278,PHM,2015-12-31,1901558000.0,0.0,-17363000.0,10.0,-45440000.0,3093802000.0,,775435000.0,-917298000.0,3491000.0,4353850000.0,,0.0,0.0,46222000.0,816023000.0,816023000.0,0.0,0.0,81492000.0,0.0,27.0,1628114000.0,321933000.0,110215000.0,0.0,5450058000.0,-454000.0,-23898000.0,2342382000.0,483982000.0,0.0,0.0,386530000.0,-533785000.0,-337590000.0,-161631000.0,-34564000.0,494090000.0,343053000.0,494090000.0,494090000.0,1394879000.0,0.0,833386000.0,14.0,893345000.0,0.0,186141000.0,-609000.0,0.0,11330000.0,0.0,-279759000.0,0.0,14.0,17.0,8.0,,0.0,1662641000.0,-432203000.0,794728000.0,0.0,0.0,9189406000.0,0.0,0.0,4759325000.0,4430081000.0,9189406000.0,5981964000.0,0.0,2015.0,1.38,358036231.884,PHM,Pulte Homes Inc.,reports,Consumer Discretionary,Homebuilding,"Atlanta, Georgia",1984-04-30,822416,0.027411722697468388,0.24087748457457714
1399,SEE,2014-12-31,624200000.0,-27800000.0,-98700000.0,13.0,-153900000.0,1787000000.0,17.0,286400000.0,-48700000.0,22500000.0,5062900000.0,152.0,122900000.0,77100000.0,266700000.0,554900000.0,267200000.0,-37400000.0,0.0,943000000.0,2996900000.0,35.0,2687600000.0,9100000.0,872200000.0,287700000.0,688500000.0,15100000.0,140100000.0,4282000000.0,0.0,0.0,0.0,71100000.0,-703700000.0,-218800000.0,-321200000.0,-126300000.0,155600000.0,343200000.0,258100000.0,155600000.0,1405800000.0,65700000.0,653600000.0,8.0,399600000.0,237900000.0,958700000.0,-613800000.0,-110800000.0,12500000.0,704100000.0,-1150400000.0,118900000.0,3.0,23.0,2.0,112.0,0.0,448500000.0,-184000000.0,1849400000.0,144300000.0,0.0,7953200000.0,2618600000.0,1727200000.0,1162800000.0,6790400000.0,7953200000.0,7750500000.0,-481400000.0,2014.0,1.22,127540983.607,SEE,Sealed Air,reports,Materials,Paper Packaging,"Elmwood Park, New Jersey",,1012100,0.007762521454204974,-0.05710764174198846
1452,STI,2014-12-31,0.0,0.0,0.0,8.0,-147000000.0,9089000000.0,,34999000000.0,0.0,550000000.0,235000000.0,,0.0,0.0,693000000.0,2587000000.0,2278000000.0,0.0,0.0,1508000000.0,6337000000.0,0.0,0.0,493000000.0,1219000000.0,309000000.0,0.0,-9686000000.0,-444000000.0,1227000000.0,167379000000.0,0.0,0.0,2968000000.0,2966000000.0,-1182000000.0,13421000000.0,-9273000000.0,1774000000.0,-3171000000.0,1722000000.0,1774000000.0,0.0,0.0,0.0,0.0,5656000000.0,0.0,140567000000.0,-122000000.0,10824000000.0,560000000.0,3321000000.0,-45000000.0,367000000.0,26.0,10.0,20.0,,0.0,13295000000.0,38000000.0,5518000000.0,9186000000.0,0.0,190328000000.0,0.0,0.0,23005000000.0,167323000000.0,190328000000.0,8707000000.0,-1032000000.0,2014.0,3.26,544171779.141,STI,SunTrust Banks,reports,Financials,Banks,"Atlanta, Georgia",1988-05-31,750556,0.012206463613113172,
1454,STT,2013-12-31,19194000000.0,-153000000.0,0.0,10.0,-388000000.0,9776000000.0,,191464000000.0,0.0,504000000.0,0.0,,0.0,0.0,675000000.0,3077000000.0,2666000000.0,0.0,0.0,1860000000.0,6036000000.0,0.0,0.0,616000000.0,2360000000.0,0.0,0.0,-13836000000.0,133000000.0,0.0,131215000000.0,0.0,0.0,1196000000.0,630000000.0,-2024000000.0,16739000000.0,-14085000000.0,2050000000.0,-197000000.0,2016000000.0,2050000000.0,2123000000.0,104000000.0,0.0,0.0,25990000000.0,0.0,182268000000.0,-95000000.0,18137000000.0,139000000.0,0.0,-4532000000.0,220000000.0,26.0,13.0,20.0,,0.0,13395000000.0,-2108000000.0,6874000000.0,11752000000.0,0.0,243291000000.0,0.0,0.0,20378000000.0,222913000000.0,243291000000.0,10275000000.0,-3693000000.0,2013.0,4.71,435244161.359,STT,State Street Corp.,reports,Financials,Diversified Financial Services,"Boston, Massachusetts",,93751,,
1455,STT,2014-12-31,20382000000.0,-119000000.0,0.0,9.0,-427000000.0,9791000000.0,,211328000000.0,0.0,504000000.0,0.0,,0.0,0.0,699000000.0,2829000000.0,2437000000.0,0.0,0.0,1937000000.0,5826000000.0,0.0,0.0,415000000.0,2025000000.0,0.0,0.0,-28214000000.0,-635000000.0,0.0,131721000000.0,0.0,0.0,1781000000.0,-1365000000.0,-561000000.0,27688000000.0,-28492000000.0,2022000000.0,-2067000000.0,1958000000.0,2022000000.0,2242000000.0,133000000.0,0.0,0.0,32600000000.0,0.0,209040000000.0,-507000000.0,26844000000.0,149000000.0,0.0,-461000000.0,232000000.0,23.0,11.0,19.0,,0.0,14737000000.0,-398000000.0,7472000000.0,13327000000.0,0.0,274119000000.0,0.0,0.0,21328000000.0,252791000000.0,274119000000.0,10666000000.0,-5158000000.0,2014.0,4.65,434838709.677,STT,State Street Corp.,reports,Financials,Diversified Financial Services,"Boston, Massachusetts",,93751,0.038053527980535184,
1456,STT,2015-12-31,14643000000.0,-104000000.0,0.0,9.0,-703000000.0,9746000000.0,,180820000000.0,0.0,504000000.0,0.0,,0.0,0.0,801000000.0,2698000000.0,2298000000.0,0.0,0.0,1894000000.0,5671000000.0,0.0,0.0,318000000.0,1768000000.0,0.0,0.0,25625000000.0,-48000000.0,0.0,119624000000.0,32000000.0,0.0,-5246000000.0,-648000000.0,-1403000000.0,-24240000000.0,24995000000.0,1980000000.0,820000000.0,1848000000.0,1980000000.0,2346000000.0,25000000.0,0.0,0.0,33903000000.0,0.0,191627000000.0,-1442000000.0,-17343000000.0,73000000.0,0.0,-4927000000.0,209000000.0,21.0,11.0,18.0,,0.0,16049000000.0,-996000000.0,7828000000.0,6253000000.0,0.0,245155000000.0,0.0,0.0,21103000000.0,224052000000.0,245155000000.0,10760000000.0,-6457000000.0,2015.0,4.53,437086092.715,STT,State Street Corp.,reports,Financials,Diversified Financial Services,"Boston, Massachusetts",,93751,0.008813050815676071,
1573,UA,2015-12-31,393395000.0,-191876000.0,-7234000.0,14.0,-298928000.0,636630000.0,27.0,129852000.0,-278524000.0,72000.0,2057766000.0,313.0,92157000.0,0.0,100940000.0,401313000.0,386685000.0,-11822000.0,0.0,538531000.0,585181000.0,48.0,1905547000.0,154112000.0,75686000.0,14628000.0,783031000.0,-6534000.0,39010000.0,627000000.0,0.0,0.0,0.0,384798000.0,-463323000.0,-44104000.0,440078000.0,-847475000.0,232573000.0,130249000.0,232573000.0,232573000.0,433638000.0,0.0,408547000.0,10.0,78582000.0,152242000.0,43415000.0,-45013000.0,0.0,-542013000.0,94868000.0,-76476000.0,0.0,10.0,23.0,6.0,149.0,0.0,1076533000.0,10310000.0,1497000000.0,42000000.0,0.0,2868900000.0,1498763000.0,478810000.0,1668222000.0,1200678000.0,2868900000.0,3963313000.0,0.0,2015.0,1.08,215345370.37,UA,Under Armour,reports,Consumer Discretionary,"Apparel, Accessories & Luxury Goods","Baltimore, Maryland",2014-05-01,1336917,0.28496678414068355,0.45893529887426077
1577,UAA,2015-12-31,393395000.0,-191876000.0,-7234000.0,14.0,-298928000.0,636630000.0,27.0,129852000.0,-278524000.0,72000.0,2057766000.0,313.0,92157000.0,0.0,100940000.0,401313000.0,386685000.0,-11822000.0,0.0,538531000.0,585181000.0,48.0,1905547000.0,154112000.0,75686000.0,14628000.0,783031000.0,-6534000.0,39010000.0,627000000.0,0.0,0.0,0.0,384798000.0,-463323000.0,-44104000.0,440078000.0,-847475000.0,232573000.0,130249000.0,232573000.0,232573000.0,433638000.0,0.0,408547000.0,10.0,78582000.0,152242000.0,43415000.0,-45013000.0,0.0,-542013000.0,94868000.0,-76476000.0,0.0,10.0,23.0,6.0,149.0,0.0,1076533000.0,10310000.0,1497000000.0,42000000.0,0.0,2868900000.0,1498763000.0,478810000.0,1668222000.0,1200678000.0,2868900000.0,3963313000.0,0.0,,,,UAA,Under Armour,reports,Consumer Discretionary,"Apparel, Accessories & Luxury Goods","Baltimore, Maryland",2016-03-25,1336917,0.28496678414068355,0.45893529887426077
1761,YHOO,2012-12-31,993306000.0,34752000.0,4647839000.0,27.0,-505507000.0,9563348000.0,324.0,2667778000.0,0.0,1187000.0,1620566000.0,438.0,0.0,1082831000.0,654601000.0,5214207000.0,5214207000.0,4355000.0,676438000.0,1685845000.0,3826749000.0,68.0,3366000000.0,1940043000.0,153973000.0,0.0,0.0,3875841000.0,733686000.0,124587000.0,4678582000.0,45403000.0,0.0,0.0,1105388000.0,-281554000.0,-1979457000.0,3362044000.0,3945479000.0,-5733724000.0,3945479000.0,3945479000.0,1008448000.0,236170000.0,566368000.0,11.0,1105391000.0,460312000.0,296926000.0,571249000.0,-65831000.0,-8290000.0,0.0,78529000.0,35819000.0,105.0,36.0,79.0,438.0,885824000.0,5792459000.0,-1949470000.0,1641819000.0,0.0,1516175000.0,17103253000.0,5652713000.0,1290232000.0,14560200000.0,2543053000.0,17103253000.0,4986566000.0,-1368043000.0,2012.0,3.31,1191987613.29,YHOO,Yahoo Inc.,reports,Information Technology,Internet Software & Services,"Sunnyvale, California",,1011006,,
