Unnamed: 0,Ticker Symbol,Period Ending,Accounts Payable,Accounts Receivable,Add'l income/expense items,After Tax ROE,Capital Expenditures,Capital Surplus,Cash Ratio,Cash and Cash Equivalents,Changes in Inventories,Common Stocks,Cost of Revenue,Current Ratio,Deferred Asset Charges,Deferred Liability Charges,Depreciation,Earnings Before Interest and Tax,Earnings Before Tax,Effect of Exchange Rate,Equity Earnings/Loss Unconsolidated Subsidiary,Fixed Assets,Goodwill,Gross Margin,Gross Profit,Income Tax,Intangible Assets,Interest Expense,Inventory,Investments,Liabilities,Long-Term Debt,Long-Term Investments,Minority Interest,Misc. Stocks,Net Borrowings,Net Cash Flow,Net Cash Flow-Operating,Net Cash Flows-Financing,Net Cash Flows-Investing,Net Income,Net Income Adjustments,Net Income Applicable to Common Shareholders,Net Income-Cont. Operations,Net Receivables,Non-Recurring Items,Operating Income,Operating Margin,Other Assets,Other Current Assets,Other Current Liabilities,Other Equity,Other Financing Activities,Other Investing Activities,Other Liabilities,Other Operating Activities,Other Operating Items,Pre-Tax Margin,Pre-Tax ROE,Profit Margin,Quick Ratio,Research and Development,Retained Earnings,Sale and Purchase of Stock,"Sales, General and Admin.",Short-Term Debt / Current Portion of Long-Term Debt,Short-Term Investments,Total Assets,Total Current Assets,Total Current Liabilities,Total Equity,Total Liabilities,Total Liabilities & Equity,Total Revenue,Treasury Stock,For Year,Earnings Per Share,Estimated Shares Outstanding,Ticker symbol,Security,SEC filings,GICS Sector,GICS Sub Industry,Address of Headquarters,Date first added,CIK,Debt-to-Equity
2,AAL,2014-12-31,4668000000.0,-160000000.0,-150000000.0,143.0,-5311000000.0,15135000000.0,60.0,1768000000.0,0.0,7000000.0,15620000000.0,88.0,0.0,829000000.0,1342000000.0,4099000000.0,3212000000.0,0.0,0.0,23084000000.0,4091000000.0,63.0,27030000000.0,330000000.0,2240000000.0,887000000.0,1004000000.0,1799000000.0,-1026000000.0,16043000000.0,0.0,0.0,0.0,170000000.0,-146000000.0,3080000000.0,-315000000.0,-2911000000.0,2882000000.0,542000000.0,2882000000.0,2882000000.0,1771000000.0,800000000.0,4249000000.0,10.0,2060000000.0,898000000.0,7059000000.0,-4559000000.0,817000000.0,601000000.0,10928000000.0,-500000000.0,1295000000.0,8.0,159.0,7.0,80.0,0.0,-8562000000.0,-1052000000.0,20686000000.0,1677000000.0,6309000000.0,43225000000.0,11750000000.0,13404000000.0,2021000000.0,41204000000.0,43225000000.0,42650000000.0,0.0,2014.0,4.02,716915422.886,AAL,American Airlines Group,reports,Industrials,Airlines,"Fort Worth, Texas",2015-03-23,6201,7.938149430974765
3,AAL,2015-12-31,5102000000.0,352000000.0,-708000000.0,135.0,-6151000000.0,11591000000.0,51.0,1085000000.0,0.0,6000000.0,11096000000.0,73.0,2477000000.0,667000000.0,1487000000.0,5496000000.0,4616000000.0,0.0,0.0,27510000000.0,4091000000.0,73.0,29894000000.0,-2994000000.0,2249000000.0,880000000.0,863000000.0,443000000.0,-633000000.0,18330000000.0,0.0,0.0,0.0,2856000000.0,-604000000.0,6249000000.0,-1259000000.0,-5594000000.0,7610000000.0,-2662000000.0,7610000000.0,7610000000.0,1425000000.0,1051000000.0,6204000000.0,15.0,2103000000.0,748000000.0,6272000000.0,-4732000000.0,96000000.0,114000000.0,10178000000.0,95000000.0,1364000000.0,11.0,82.0,19.0,67.0,0.0,-1230000000.0,-3846000000.0,21275000000.0,2231000000.0,5864000000.0,48415000000.0,9985000000.0,13605000000.0,5635000000.0,42780000000.0,48415000000.0,40990000000.0,0.0,2015.0,11.39,668129938.543,AAL,American Airlines Group,reports,Industrials,Airlines,"Fort Worth, Texas",2015-03-23,6201,3.252883762200532
13,ABBV,2013-12-31,6448000000.0,681000000.0,-54000000.0,92.0,-491000000.0,3671000000.0,144.0,9595000000.0,-56000000.0,16000000.0,4581000000.0,259.0,0.0,0.0,897000000.0,5610000000.0,5332000000.0,-10000000.0,0.0,2298000000.0,6277000000.0,76.0,14209000000.0,1204000000.0,1890000000.0,278000000.0,1150000000.0,1775000000.0,-426000000.0,14292000000.0,118000000.0,0.0,0.0,-601000000.0,3694000000.0,6267000000.0,-3442000000.0,879000000.0,4128000000.0,584000000.0,4128000000.0,4128000000.0,5569000000.0,338000000.0,5664000000.0,30.0,767000000.0,1234000000.0,0.0,-442000000.0,-313000000.0,-405000000.0,3535000000.0,459000000.0,0.0,28.0,119.0,22.0,243.0,2855000000.0,1567000000.0,27000000.0,5352000000.0,431000000.0,300000000.0,29198000000.0,17848000000.0,6879000000.0,4492000000.0,24706000000.0,29198000000.0,18790000000.0,-320000000.0,2013.0,2.58,1600000000.0,ABBV,AbbVie,reports,Health Care,Pharmaceuticals,"North Chicago, Illinois",2012-12-31,1551152,3.1816562778272486
14,ABBV,2014-12-31,6954000000.0,-172000000.0,-651000000.0,102.0,-612000000.0,4194000000.0,74.0,8348000000.0,-203000000.0,16000000.0,4426000000.0,141.0,0.0,159000000.0,786000000.0,2760000000.0,2369000000.0,-577000000.0,0.0,2485000000.0,5862000000.0,78.0,15534000000.0,595000000.0,1513000000.0,391000000.0,1124000000.0,308000000.0,-193000000.0,10538000000.0,92000000.0,0.0,0.0,-5000000.0,-1247000000.0,3549000000.0,-3293000000.0,-926000000.0,1774000000.0,1777000000.0,1774000000.0,1774000000.0,4631000000.0,352000000.0,3411000000.0,17.0,1480000000.0,1952000000.0,0.0,-2031000000.0,-59000000.0,-622000000.0,3681000000.0,-220000000.0,0.0,12.0,136.0,9.0,131.0,3297000000.0,535000000.0,-427000000.0,8474000000.0,4439000000.0,26000000.0,27513000000.0,16081000000.0,11393000000.0,1742000000.0,25771000000.0,27513000000.0,19960000000.0,-972000000.0,2014.0,1.11,1598198198.2,ABBV,AbbVie,reports,Health Care,Pharmaceuticals,"North Chicago, Illinois",2012-12-31,1551152,6.049368541905856
15,ABBV,2015-12-31,8463000000.0,-1076000000.0,-206000000.0,130.0,-532000000.0,13080000000.0,77.0,8399000000.0,-434000000.0,17000000.0,4500000000.0,150.0,0.0,5276000000.0,836000000.0,7331000000.0,6645000000.0,-300000000.0,0.0,2565000000.0,13168000000.0,80.0,18359000000.0,1501000000.0,19709000000.0,686000000.0,1719000000.0,29000000.0,1503000000.0,29240000000.0,145000000.0,0.0,0.0,16623000000.0,51000000.0,7535000000.0,5752000000.0,-12936000000.0,5144000000.0,1051000000.0,5144000000.0,5144000000.0,4730000000.0,150000000.0,7537000000.0,33.0,1149000000.0,1458000000.0,0.0,-2561000000.0,30000000.0,-12433000000.0,3695000000.0,511000000.0,0.0,29.0,168.0,23.0,134.0,4285000000.0,2248000000.0,-7425000000.0,6387000000.0,2431000000.0,8000000.0,53050000000.0,16314000000.0,10894000000.0,3945000000.0,49105000000.0,53050000000.0,22859000000.0,-8839000000.0,2015.0,3.15,1633015873.02,ABBV,AbbVie,reports,Health Care,Pharmaceuticals,"North Chicago, Illinois",2012-12-31,1551152,7.41191381495564
18,ABC,2015-09-30,21578227000.0,-1478793000.0,-44220000.0,22.0,-231585000.0,3736477000.0,10.0,2167442000.0,-1379189000.0,2750000.0,132432490000.0,94.0,0.0,1944240000.0,255988000.0,378000000.0,268964000.0,0.0,0.0,1192510000.0,4144391000.0,3.0,3529313000.0,407129000.0,1993119000.0,109036000.0,9755094000.0,-86214000.0,5122127000.0,3739225000.0,0.0,0.0,0.0,1496390000.0,358929000.0,3922228000.0,-632134000.0,-2931165000.0,-138165000.0,1577391000.0,-138165000.0,-138165000.0,8222951000.0,0.0,422220000.0,0.0,298474000.0,189001000.0,0.0,-136333000.0,0.0,-2613366000.0,84904000.0,-37131000.0,248635000.0,0.0,44.0,0.0,49.0,0.0,1164489000.0,-1665115000.0,2858458000.0,0.0,0.0,27962982000.0,20334488000.0,21578227000.0,616386000.0,27346596000.0,27962982000.0,135961803000.0,-4150997000.0,2015.0,-0.62,222846774.194,ABC,AmerisourceBergen Corp,reports,Health Care,Health Care Distributors,"Chesterbrook, Pennsylvania",,1140859,6.066369125839977
36,ADS,2012-12-31,490095000.0,-49219000.0,0.0,80.0,-116455000.0,1454230000.0,28.0,1386042000.0,0.0,950000.0,2392091000.0,181.0,30027000.0,471092000.0,274263000.0,974364000.0,682904000.0,5280000.0,0.0,253028000.0,1751053000.0,34.0,1249299000.0,260648000.0,582874000.0,291460000.0,0.0,-1389770000.0,90743000.0,4708486000.0,0.0,0.0,0.0,2334253000.0,677139000.0,1134190000.0,2209019000.0,-2671350000.0,422256000.0,438242000.0,422256000.0,422256000.0,7575052000.0,0.0,974364000.0,27.0,251014000.0,171049000.0,2265359000.0,-21861000.0,-22000.0,-1165125000.0,1259297000.0,-42095000.0,166876000.0,19.0,129.0,12.0,181.0,0.0,1553260000.0,-105144000.0,108059000.0,2277323000.0,0.0,12000139000.0,9132143000.0,5032777000.0,528487000.0,11471652000.0,12000139000.0,3641390000.0,-2458092000.0,2012.0,8.44,50030331.7536,ADS,Alliance Data Systems,reports,Information Technology,Data Processing & Outsourced Services,"Plano, Texas",2013-12-23,1101215,8.909369577681192
37,ADS,2013-12-31,472326000.0,-33414000.0,0.0,58.0,-135376000.0,1512752000.0,33.0,1480171000.0,0.0,983000.0,2894917000.0,230.0,2454000.0,446505000.0,307288000.0,1098912000.0,793412000.0,-11758000.0,0.0,299188000.0,1735703000.0,33.0,1424146000.0,297242000.0,460404000.0,305500000.0,0.0,-1453163000.0,5520000.0,6002708000.0,0.0,0.0,0.0,928674000.0,76470000.0,1003492000.0,704152000.0,-1619416000.0,496170000.0,447854000.0,496170000.0,496170000.0,8680730000.0,0.0,1098912000.0,25.0,345666000.0,239941000.0,2650683000.0,-18227000.0,-22000.0,-30877000.0,1426785000.0,-219926000.0,216119000.0,18.0,93.0,11.0,230.0,0.0,2049430000.0,-216995000.0,109115000.0,1389489000.0,0.0,13244257000.0,10400842000.0,4512498000.0,855761000.0,12388496000.0,13244257000.0,4319063000.0,-2689177000.0,2013.0,10.09,49174430.1288,ADS,Alliance Data Systems,reports,Information Technology,Data Processing & Outsourced Services,"Plano, Texas",2013-12-23,1101215,7.01446782454447
38,ADS,2014-12-31,914058000.0,-156003000.0,0.0,21.0,-158694000.0,2905563000.0,25.0,1597492000.0,0.0,1117000.0,3643979000.0,219.0,164000.0,856982000.0,349810000.0,1098467000.0,837941000.0,-15854000.0,0.0,559628000.0,3865484000.0,31.0,1658961000.0,321801000.0,1515994000.0,260526000.0,0.0,-2379208000.0,188052000.0,8134248000.0,0.0,0.0,235566000.0,3808137000.0,107330000.0,1344159000.0,3516146000.0,-4737121000.0,506293000.0,590220000.0,506293000.0,506293000.0,11635875000.0,0.0,1098467000.0,21.0,507931000.0,581409000.0,4124511000.0,-75453000.0,-1476000.0,-2199219000.0,2335318000.0,-144060000.0,313082000.0,16.0,35.0,10.0,219.0,0.0,2540948000.0,-269555000.0,247412000.0,1266914000.0,0.0,20263977000.0,13814776000.0,6305483000.0,2396380000.0,17867597000.0,20263977000.0,5302940000.0,-2975795000.0,2014.0,8.72,58061123.8532,ADS,Alliance Data Systems,reports,Information Technology,Data Processing & Outsourced Services,"Plano, Texas",2013-12-23,1101215,3.3943898713893454
39,ADS,2015-12-31,1010619000.0,8307000.0,0.0,30.0,-191683000.0,2981041000.0,25.0,1624601000.0,0.0,1121000.0,4482700000.0,254.0,617000.0,777420000.0,524467000.0,1261860000.0,931676000.0,-25309000.0,0.0,576706000.0,3814078000.0,30.0,1957046000.0,326248000.0,1203745000.0,330184000.0,0.0,-2899032000.0,98026000.0,10136018000.0,0.0,0.0,167377000.0,3009130000.0,90885000.0,1705841000.0,1772901000.0,-3362548000.0,596541000.0,638239000.0,596541000.0,596541000.0,14052456000.0,0.0,1261860000.0,20.0,576267000.0,573360000.0,3975291000.0,-137251000.0,-205928000.0,-271833000.0,2925426000.0,-168626000.0,492140000.0,14.0,46.0,9.0,254.0,0.0,3092464000.0,-1020923000.0,203046000.0,1419649000.0,0.0,22421830000.0,16250417000.0,6405559000.0,2010030000.0,20411800000.0,22421830000.0,6439746000.0,-3927345000.0,2015.0,8.91,66951851.8519,ADS,Alliance Data Systems,reports,Information Technology,Data Processing & Outsourced Services,"Plano, Texas",2013-12-23,1101215,5.042719760401586
90,ALLE,2015-12-31,381500000.0,-13500000.0,-96400000.0,601.0,-35200000.0,24400000.0,45.0,199700000.0,-5800000.0,1000000.0,1199000000.0,164.0,91900000.0,120000000.0,53200000.0,262200000.0,209300000.0,-9000000.0,0.0,224800000.0,714100000.0,42.0,869100000.0,54600000.0,372400000.0,52900000.0,204100000.0,12300000.0,-17200000.0,1457500000.0,0.0,4100000.0,0.0,278300000.0,-90800000.0,257000000.0,195000000.0,-533800000.0,153900000.0,91400000.0,153900000.0,154700000.0,313900000.0,0.0,358600000.0,17.0,124700000.0,17400000.0,0.0,-232200000.0,-300000.0,-510900000.0,208700000.0,-5000000.0,0.0,10.0,818.0,7.0,119.0,0.0,232400000.0,-19000000.0,510500000.0,65600000.0,0.0,2263000000.0,735100000.0,447100000.0,25600000.0,2237400000.0,2263000000.0,2068100000.0,0.0,2015.0,1.6,96187500.0,ALLE,Allegion,reports,Industrials,Building Products,"Dublin, Ireland",2013-12-02,1579241,56.93359375
91,ALLE,2016-12-31,381400000.0,-19800000.0,-66200000.0,202.0,-42500000.0,0.0,73.0,312400000.0,-15600000.0,1000000.0,1252700000.0,193.0,72300000.0,118700000.0,66900000.0,359300000.0,295000000.0,-4800000.0,0.0,226600000.0,716800000.0,44.0,985300000.0,63800000.0,357400000.0,64300000.0,220600000.0,14100000.0,-32500000.0,1415600000.0,0.0,3100000.0,0.0,-64400000.0,112700000.0,377500000.0,-196000000.0,-64000000.0,229100000.0,85300000.0,229100000.0,231200000.0,271900000.0,0.0,425500000.0,19.0,45000000.0,24400000.0,0.0,-264300000.0,-3300000.0,-35600000.0,167100000.0,62000000.0,0.0,13.0,260.0,10.0,142.0,0.0,376600000.0,-79300000.0,559800000.0,48200000.0,0.0,2247400000.0,829300000.0,429600000.0,113300000.0,2134100000.0,2247400000.0,2238000000.0,0.0,,,,ALLE,Allegion,reports,Industrials,Building Products,"Dublin, Ireland",2013-12-02,1579241,12.494263018534863
116,AMT,2012-12-31,448000000.0,-43679000.0,-16760000.0,18.0,-568048000.0,5012124000.0,70.0,437934000.0,0.0,3959000.0,722479000.0,132.0,985790000.0,0.0,655366000.0,1102959000.0,701294000.0,12055000.0,35000.0,5765856000.0,2842643000.0,75.0,2153481000.0,107304000.0,3206085000.0,401665000.0,0.0,22376000.0,143348000.0,8693345000.0,452788000.0,111080000.0,0.0,1494139000.0,38427000.0,1414391000.0,1170366000.0,-2558385000.0,637283000.0,144910000.0,637283000.0,637283000.0,169316000.0,0.0,1119719000.0,39.0,0.0,222999000.0,124147000.0,-183347000.0,0.0,-2012713000.0,1079725000.0,-79579000.0,644276000.0,24.0,20.0,22.0,132.0,0.0,-1196907000.0,45474000.0,389486000.0,60031000.0,6018000.0,14089429000.0,836267000.0,632178000.0,3573101000.0,10516328000.0,14089429000.0,2875960000.0,-62728000.0,2012.0,1.61,395827950.311,AMT,American Tower Corp A,reports,Real Estate,Specialized REITs,"Boston, Massachusetts",2007-11-19,1053507,2.4329972760355782
117,AMT,2013-12-31,700452000.0,-19080000.0,-214260000.0,16.0,-724532000.0,5130616000.0,50.0,446492000.0,0.0,3976000.0,859873000.0,106.0,1185756000.0,0.0,807741000.0,1000045000.0,541749000.0,-26317000.0,0.0,7177728000.0,3854802000.0,74.0,2501534000.0,59541000.0,6570119000.0,458296000.0,0.0,-5553000.0,295029000.0,14408146000.0,509173000.0,55875000.0,0.0,2302332000.0,-75042000.0,1599047000.0,3525565000.0,-5173337000.0,551333000.0,327593000.0,551333000.0,551333000.0,173566000.0,0.0,1214305000.0,36.0,0.0,347417000.0,162079000.0,-311220000.0,-29234000.0,-4443252000.0,1352816000.0,-294444000.0,800145000.0,16.0,15.0,16.0,106.0,0.0,-1081467000.0,1696427000.0,487084000.0,70132000.0,18612000.0,20283665000.0,986087000.0,932663000.0,3534165000.0,16749500000.0,20283665000.0,3361407000.0,-207740000.0,2013.0,1.4,393809285.714,AMT,American Tower Corp A,reports,Real Estate,Specialized REITs,"Boston, Massachusetts",2007-11-19,1053507,4.076817579258467
118,AMT,2014-12-31,798331000.0,-84529000.0,-40984000.0,21.0,-974404000.0,5788786000.0,25.0,473698000.0,0.0,3995000.0,1094265000.0,50.0,1283893000.0,0.0,998932000.0,1445938000.0,865704000.0,-30534000.0,0.0,7590112000.0,4032174000.0,73.0,3005783000.0,62505000.0,6824273000.0,580234000.0,0.0,39515000.0,357940000.0,13642955000.0,575246000.0,99792000.0,0.0,-198230000.0,19916000.0,2134589000.0,-134591000.0,-1949548000.0,824910000.0,175192000.0,801022000.0,824910000.0,213074000.0,0.0,1486922000.0,36.0,0.0,264793000.0,233819000.0,-794221000.0,-11593000.0,-1014659000.0,1637722000.0,-116145000.0,1003802000.0,21.0,22.0,20.0,50.0,0.0,-837320000.0,530546000.0,515059000.0,897386000.0,6302000.0,21263565000.0,957867000.0,1929536000.0,3953560000.0,17310005000.0,21263565000.0,4100048000.0,-207740000.0,2014.0,2.02,408371287.129,AMT,American Tower Corp A,reports,Real Estate,Specialized REITs,"Boston, Massachusetts",2007-11-19,1053507,3.4508025678123007
119,AMT,2015-12-31,938826000.0,-56312000.0,-186878000.0,10.0,-728753000.0,9690609000.0,39.0,462879000.0,0.0,4267000.0,1308868000.0,83.0,1378796000.0,0.0,1292260000.0,1425911000.0,829962000.0,-23224000.0,0.0,9866424000.0,4091805000.0,73.0,3462648000.0,157955000.0,9837876000.0,595949000.0,0.0,9504000.0,150984000.0,17068807000.0,732903000.0,61139000.0,0.0,1789103000.0,7194000.0,2183052000.0,5589101000.0,-7741735000.0,685074000.0,354073000.0,594911000.0,685074000.0,227354000.0,0.0,1612789000.0,34.0,0.0,306235000.0,211001000.0,-1836996000.0,-85672000.0,-7022486000.0,1922618000.0,-229960000.0,1285328000.0,17.0,12.0,14.0,83.0,0.0,-998535000.0,4711190000.0,564531000.0,50202000.0,0.0,26904272000.0,996468000.0,1200029000.0,6651679000.0,20252593000.0,26904272000.0,4771516000.0,-207740000.0,2015.0,1.42,482446478.873,AMT,American Tower Corp A,reports,Real Estate,Specialized REITs,"Boston, Massachusetts",2007-11-19,1053507,2.566090005245292
139,APA,2015-12-31,618000000.0,663000000.0,-17000000.0,917.0,-5178000000.0,12467000000.0,80.0,1467000000.0,21000000.0,257000000.0,2065000000.0,204.0,971000000.0,1072000000.0,29517000000.0,-27927000000.0,-28226000000.0,0.0,0.0,14119000000.0,0.0,68.0,4318000000.0,-5469000000.0,0.0,299000000.0,570000000.0,1245000000.0,-507000000.0,8777000000.0,0.0,1662000000.0,0.0,-2509000000.0,698000000.0,2984000000.0,-2962000000.0,676000000.0,-23528000000.0,-2835000000.0,-23119000000.0,-22757000000.0,1253000000.0,2065000000.0,-27910000000.0,437.0,0.0,462000000.0,1223000000.0,-116000000.0,53000000.0,4609000000.0,2924000000.0,-347000000.0,29372000000.0,442.0,1100.0,369.0,173.0,0.0,-7153000000.0,0.0,791000000.0,0.0,0.0,18842000000.0,3752000000.0,1841000000.0,2566000000.0,16276000000.0,18842000000.0,6383000000.0,-2889000000.0,2015.0,-61.2,384444444.444,APA,Apache Corporation,reports,Energy,Oil & Gas Exploration & Production,"Houston, Texas",,6769,3.4204988308651596
189,BA,2016-12-31,49750000000.0,-584000000.0,33000000.0,599.0,-2613000000.0,4762000000.0,20.0,8801000000.0,3755000000.0,5061000000.0,80790000000.0,125.0,332000000.0,1338000000.0,1910000000.0,5874000000.0,5568000000.0,-33000000.0,0.0,12807000000.0,5324000000.0,15.0,13781000000.0,673000000.0,2540000000.0,306000000.0,43199000000.0,-510000000.0,130000000.0,9568000000.0,5090000000.0,60000000.0,0.0,-34000000.0,-2501000000.0,10499000000.0,-9587000000.0,-3380000000.0,4895000000.0,649000000.0,4895000000.0,4895000000.0,9260000000.0,0.0,5834000000.0,6.0,1416000000.0,0.0,0.0,-13623000000.0,-117000000.0,-257000000.0,28080000000.0,-256000000.0,0.0,6.0,682.0,5.0,38.0,4627000000.0,40714000000.0,-6680000000.0,3313000000.0,384000000.0,1228000000.0,89997000000.0,62488000000.0,50134000000.0,817000000.0,89180000000.0,89997000000.0,94571000000.0,-36097000000.0,,,,BA,Boeing Company,reports,Industrials,Aerospace & Defense,"Chicago, Illinois",,12927,11.711138310893514
230,BLL,2012-12-31,1225300000.0,600000.0,-15100000.0,36.0,-305000000.0,0.0,10.0,174100000.0,29100000.0,1026300000.0,7174000000.0,139.0,0.0,207900000.0,282900000.0,775400000.0,595600000.0,-2000000.0,-1300000.0,2276700000.0,2359400000.0,18.0,1561700000.0,172200000.0,531600000.0,179800000.0,1044400000.0,0.0,10600000.0,3085300000.0,0.0,175400000.0,0.0,77800000.0,8300000.0,853200000.0,-486900000.0,-356000000.0,396300000.0,101500000.0,396300000.0,422100000.0,1120900000.0,0.0,790500000.0,9.0,0.0,0.0,240700000.0,-352400000.0,-8800000.0,-51000000.0,1238100000.0,14300000.0,282900000.0,7.0,53.0,5.0,77.0,0.0,3580800000.0,-494100000.0,488300000.0,219800000.0,0.0,7507100000.0,2339400000.0,1685800000.0,1114600000.0,6392500000.0,7507100000.0,8735700000.0,-3140100000.0,2012.0,2.61,151839080.46,BLL,Ball Corp,reports,Materials,Metal & Glass Containers,"Broomfield, Colorado",1984-10-31,9389,2.7680782343441592
231,BLL,2013-12-31,1240100000.0,80200000.0,-28000000.0,33.0,-378300000.0,0.0,22.0,416000000.0,21400000.0,1078400000.0,6875400000.0,128.0,0.0,261500000.0,299900000.0,767400000.0,583600000.0,-14000000.0,600000.0,2372300000.0,2399700000.0,19.0,1592700000.0,149600000.0,577500000.0,183800000.0,1028300000.0,0.0,-40100000.0,3182500000.0,0.0,191400000.0,0.0,290600000.0,241900000.0,839000000.0,-204000000.0,-379100000.0,406800000.0,42700000.0,406800000.0,434600000.0,1026600000.0,0.0,795400000.0,9.0,0.0,0.0,264700000.0,-249900000.0,-20600000.0,-800000.0,1033000000.0,2200000.0,299900000.0,7.0,48.0,5.0,75.0,0.0,3947700000.0,-398800000.0,497400000.0,422600000.0,0.0,7820400000.0,2470900000.0,1927400000.0,1224600000.0,6595800000.0,7820400000.0,8468100000.0,-3551600000.0,2013.0,2.79,145806451.613,BLL,Ball Corp,reports,Materials,Metal & Glass Containers,"Broomfield, Colorado",1984-10-31,9389,2.5988077739670095
232,BLL,2014-12-31,1609900000.0,-152300000.0,-33100000.0,45.0,-390800000.0,0.0,10.0,191400000.0,-23800000.0,1131300000.0,6903500000.0,115.0,0.0,152500000.0,280900000.0,805500000.0,645600000.0,-400000.0,2300000.0,2430700000.0,2254500000.0,19.0,1666500000.0,149900000.0,572300000.0,159900000.0,1016700000.0,0.0,363300000.0,2993800000.0,0.0,206500000.0,0.0,-417700000.0,-224600000.0,1012500000.0,-845300000.0,-391400000.0,470000000.0,65700000.0,470000000.0,498000000.0,1105400000.0,0.0,838600000.0,10.0,0.0,0.0,221800000.0,-522100000.0,5200000.0,-600000.0,1178300000.0,-19300000.0,280900000.0,8.0,62.0,5.0,65.0,0.0,4346900000.0,-360100000.0,547000000.0,175100000.0,0.0,7571000000.0,2313500000.0,2006800000.0,1033100000.0,6537900000.0,7571000000.0,8570000000.0,-3923000000.0,2014.0,3.39,138643067.847,BLL,Ball Corp,reports,Materials,Metal & Glass Containers,"Broomfield, Colorado",1984-10-31,9389,2.897880166489207
233,BLL,2015-12-31,1730200000.0,34800000.0,-116500000.0,22.0,-527900000.0,0.0,10.0,224000000.0,96900000.0,961700000.0,6460300000.0,102.0,0.0,172700000.0,285500000.0,488700000.0,345500000.0,9500000.0,4400000.0,2685900000.0,2176500000.0,19.0,1536700000.0,47000000.0,576200000.0,143200000.0,898400000.0,0.0,-18000000.0,5054200000.0,0.0,10000000.0,0.0,2001200000.0,32600000.0,1006700000.0,1737100000.0,-2720700000.0,280900000.0,278100000.0,280900000.0,302900000.0,1061600000.0,0.0,605200000.0,8.0,2154400000.0,0.0,334100000.0,-639900000.0,-92800000.0,-2192800000.0,1147200000.0,26500000.0,285500000.0,4.0,28.0,4.0,60.0,0.0,4557500000.0,-99500000.0,646000000.0,77300000.0,0.0,9777000000.0,2184000000.0,2141600000.0,1251300000.0,8525700000.0,9777000000.0,7997000000.0,-3628000000.0,2015.0,2.05,137024390.244,BLL,Ball Corp,reports,Materials,Metal & Glass Containers,"Broomfield, Colorado",1984-10-31,9389,4.039159274354671
247,BXP,2013-12-31,867235000.0,-443000.0,11343000.0,13.0,-919735000.0,5662453000.0,,2365137000.0,0.0,1530000.0,771403000.0,,884450000.0,0.0,565397000.0,689341000.0,242461000.0,0.0,461065000.0,15817194000.0,0.0,64.0,1364136000.0,0.0,0.0,446880000.0,0.0,137017000.0,-19945000.0,11521508000.0,156738000.0,1302465000.0,99609000.0,705779000.0,1323159000.0,777926000.0,1077873000.0,-532640000.0,749811000.0,-561832000.0,741754000.0,612019000.0,711067000.0,8306000.0,678120000.0,32.0,184477000.0,0.0,0.0,-11556000.0,0.0,250078000.0,592982000.0,-46691000.0,560637000.0,11.0,4.0,35.0,,0.0,-108552000.0,832836000.0,117073000.0,0.0,57201000.0,20176264000.0,0.0,0.0,5741153000.0,14383799000.0,20124952000.0,2135539000.0,-2722000.0,2013.0,4.87,153965297.741,BXP,Boston Properties,reports,Real Estate,REITs,"Boston, Massachusetts",,1037540,2.0068282451277644
274,CCI,2012-12-31,308675000.0,-98570000.0,-132810000.0,6.0,-441383000.0,5623595000.0,82.0,1017302000.0,0.0,2932000.0,728989000.0,128.0,33914000.0,976401000.0,731942000.0,701871000.0,100827000.0,1480000.0,0.0,6917531000.0,3119957000.0,70.0,1703691000.0,-100061000.0,2941696000.0,601044000.0,0.0,0.0,119709000.0,10923186000.0,864819000.0,12518000.0,0.0,3903710000.0,361244000.0,772557000.0,3786803000.0,-4199596000.0,188584000.0,79704000.0,185955000.0,188584000.0,386253000.0,33846000.0,834681000.0,34.0,629468000.0,177769000.0,241127000.0,-61791000.0,0.0,-3758213000.0,0.0,-261116000.0,622592000.0,4.0,3.0,8.0,128.0,0.0,-2625990000.0,-35785000.0,212572000.0,688056000.0,0.0,16088709000.0,1581324000.0,1237858000.0,2938746000.0,13149963000.0,16088709000.0,2432680000.0,0.0,2012.0,0.64,294662500.0,CCI,Crown Castle International Corp.,reports,Real Estate,REITs,"Houston, Texas",2012-03-14,1051470,3.716954782754277
284,CELG,2015-12-31,1908300000.0,-304700000.0,79500000.0,27.0,-286300000.0,11119300000.0,333.0,4880300000.0,-50600000.0,9400000.0,420100000.0,477.0,0.0,30000000.0,402000000.0,2334100000.0,2023500000.0,-50700000.0,0.0,814100000.0,4879000000.0,95.0,8835900000.0,421500000.0,10858100000.0,310600000.0,443400000.0,1729800000.0,625300000.0,14161400000.0,0.0,0.0,0.0,7297700000.0,758700000.0,2483900000.0,4584500000.0,-6259000000.0,1602000000.0,536100000.0,1602000000.0,1602000000.0,1420900000.0,299600000.0,2254600000.0,24.0,1012300000.0,984700000.0,60600000.0,767700000.0,0.0,-7702500000.0,4885100000.0,-326200000.0,279000000.0,22.0,34.0,17.0,455.0,3697300000.0,8074400000.0,-3013700000.0,2305400000.0,0.0,1671600000.0,26964400000.0,9400900000.0,1968900000.0,5919000000.0,21045400000.0,26964400000.0,9256000000.0,-14051800000.0,2015.0,2.02,793069306.931,CELG,Celgene Corp.,reports,Health Care,Biotechnology,"Summit, New Jersey",,816284,2.392532522385538
285,CELG,2016-12-31,2403400000.0,-222400000.0,-294000000.0,30.0,-236200000.0,12378200000.0,269.0,6169900000.0,-55300000.0,9500000.0,438000000.0,367.0,0.0,27900000.0,504700000.0,2872600000.0,2372500000.0,-38900000.0,0.0,929800000.0,4865800000.0,96.0,10791200000.0,373300000.0,10391800000.0,500100000.0,497900000.0,-765400000.0,729000000.0,13788500000.0,0.0,0.0,0.0,0.0,1289600000.0,3976300000.0,-1645600000.0,-1002200000.0,1999200000.0,926900000.0,1999200000.0,1999200000.0,1620600000.0,37800000.0,3166600000.0,28.0,1030700000.0,779300000.0,55100000.0,419100000.0,-41100000.0,-600000.0,4710700000.0,94200000.0,459000000.0,21.0,36.0,18.0,350.0,4470100000.0,10073600000.0,-1793300000.0,2657700000.0,500700000.0,1799800000.0,28085600000.0,10867500000.0,2959200000.0,6599300000.0,21486300000.0,28085600000.0,11229200000.0,-16281100000.0,,,,CELG,Celgene Corp.,reports,Health Care,Biotechnology,"Summit, New Jersey",,816284,2.0893882684527147
305,CHK,2015-12-31,1045000000.0,1186000000.0,134000000.0,687.0,-3771000000.0,12403000000.0,22.0,825000000.0,0.0,7000000.0,10295000000.0,67.0,0.0,60000000.0,2229000000.0,-18781000000.0,-19098000000.0,0.0,0.0,14298000000.0,0.0,19.0,2469000000.0,-4463000000.0,0.0,317000000.0,0.0,-10000000.0,-2220000000.0,10354000000.0,382000000.0,259000000.0,0.0,-508000000.0,-3283000000.0,1234000000.0,-1066000000.0,-3451000000.0,-14685000000.0,14674000000.0,-14856000000.0,-14685000000.0,1129000000.0,18821000000.0,-18919000000.0,148.0,197000000.0,526000000.0,2219000000.0,-99000000.0,-41000000.0,330000000.0,861000000.0,0.0,2229000000.0,150.0,893.0,115.0,67.0,0.0,-13202000000.0,-143000000.0,334000000.0,421000000.0,0.0,17357000000.0,2480000000.0,3685000000.0,2138000000.0,14960000000.0,17098000000.0,12764000000.0,-33000000.0,2015.0,-22.43,654703522.069,CHK,Chesapeake Energy,reports,Energy,Integrated Oil & Gas,"Oklahoma City, Oklahoma",,895126,4.842843779232928
310,CHTR,2013-12-31,1467000000.0,10000000.0,-112000000.0,112.0,-1825000000.0,1760000000.0,1.0,21000000.0,0.0,0.0,5345000000.0,22.0,0.0,1431000000.0,1854000000.0,797000000.0,-49000000.0,0.0,0.0,7981000000.0,1177000000.0,34.0,2810000000.0,120000000.0,7398000000.0,846000000.0,0.0,-676000000.0,114000000.0,14181000000.0,0.0,0.0,0.0,262000000.0,14000000.0,2158000000.0,299000000.0,-2443000000.0,-169000000.0,349000000.0,-169000000.0,-292000000.0,234000000.0,0.0,909000000.0,11.0,417000000.0,67000000.0,0.0,-41000000.0,-2000000.0,58000000.0,65000000.0,0.0,1854000000.0,1.0,32.0,2.0,22.0,0.0,-1568000000.0,89000000.0,47000000.0,0.0,0.0,17295000000.0,322000000.0,1467000000.0,151000000.0,17144000000.0,17295000000.0,8155000000.0,0.0,2013.0,-1.65,102424242.424,CHTR,Charter Communications,reports,Consumer Discretionary,Cable & Satellite,"Stamford, Connecticut",2016-09-08,1091667,93.91390728476821
311,CHTR,2014-12-31,1635000000.0,-51000000.0,-7000000.0,125.0,-2221000000.0,1930000000.0,0.0,3000000.0,0.0,0.0,5973000000.0,21.0,0.0,1648000000.0,2102000000.0,964000000.0,53000000.0,0.0,0.0,8373000000.0,1168000000.0,34.0,3135000000.0,236000000.0,7111000000.0,911000000.0,0.0,0.0,158000000.0,20887000000.0,0.0,0.0,0.0,6826000000.0,-18000000.0,2359000000.0,6927000000.0,-9304000000.0,-183000000.0,342000000.0,-183000000.0,-183000000.0,285000000.0,0.0,971000000.0,11.0,7391000000.0,57000000.0,0.0,-22000000.0,3000000.0,-7083000000.0,72000000.0,-9000000.0,2102000000.0,1.0,36.0,2.0,21.0,0.0,-1762000000.0,104000000.0,62000000.0,0.0,0.0,24388000000.0,345000000.0,1635000000.0,146000000.0,24242000000.0,24388000000.0,9108000000.0,0.0,2014.0,-1.7,107647058.824,CHTR,Charter Communications,reports,Consumer Discretionary,Cable & Satellite,"Stamford, Connecticut",2016-09-08,1091667,143.06164383561645
322,CL,2012-12-31,3432000000.0,19000000.0,0.0,113.0,-565000000.0,818000000.0,24.0,884000000.0,-21000000.0,1466000000.0,7153000000.0,122.0,92000000.0,293000000.0,425000000.0,3874000000.0,3874000000.0,-24000000.0,0.0,3842000000.0,2500000000.0,58.0,9932000000.0,1243000000.0,1499000000.0,0.0,1365000000.0,-398000000.0,-5000000.0,4926000000.0,0.0,201000000.0,0.0,441000000.0,6000000.0,3196000000.0,-2301000000.0,-865000000.0,2472000000.0,117000000.0,2472000000.0,2472000000.0,1668000000.0,0.0,3889000000.0,23.0,905000000.0,639000000.0,0.0,-2662000000.0,0.0,98000000.0,2049000000.0,30000000.0,0.0,23.0,177.0,14.0,85.0,0.0,16953000000.0,-1465000000.0,6043000000.0,304000000.0,0.0,13394000000.0,4556000000.0,3736000000.0,2189000000.0,11205000000.0,13394000000.0,17085000000.0,-14386000000.0,2012.0,5.19,476300578.035,CL,Colgate-Palmolive,reports,Consumer Staples,Household Products,"New York, New York",,21665,2.2503426222019187
323,CL,2013-12-31,3671000000.0,-37000000.0,0.0,97.0,-670000000.0,1004000000.0,21.0,962000000.0,-97000000.0,1466000000.0,7219000000.0,108.0,77000000.0,444000000.0,439000000.0,3565000000.0,3565000000.0,-94000000.0,0.0,4083000000.0,2474000000.0,59.0,10201000000.0,1155000000.0,1496000000.0,0.0,1425000000.0,-238000000.0,24000000.0,4749000000.0,0.0,231000000.0,0.0,422000000.0,78000000.0,3204000000.0,-2142000000.0,-890000000.0,2241000000.0,452000000.0,2241000000.0,2241000000.0,1636000000.0,0.0,3556000000.0,20.0,924000000.0,908000000.0,0.0,-2484000000.0,0.0,18000000.0,1677000000.0,13000000.0,0.0,20.0,155.0,13.0,77.0,0.0,17952000000.0,-1182000000.0,6645000000.0,908000000.0,0.0,13985000000.0,4931000000.0,4579000000.0,2305000000.0,11680000000.0,13985000000.0,17420000000.0,-15633000000.0,2013.0,2.41,929875518.672,CL,Colgate-Palmolive,reports,Consumer Staples,Household Products,"New York, New York",,21665,2.060303687635575
324,CL,2014-12-31,3442000000.0,-109000000.0,0.0,190.0,-757000000.0,1236000000.0,28.0,1089000000.0,-60000000.0,1466000000.0,7168000000.0,123.0,76000000.0,261000000.0,442000000.0,3533000000.0,3533000000.0,-142000000.0,0.0,4080000000.0,2307000000.0,59.0,10109000000.0,1194000000.0,1413000000.0,0.0,1382000000.0,-57000000.0,57000000.0,5644000000.0,0.0,240000000.0,0.0,435000000.0,127000000.0,3298000000.0,-2170000000.0,-859000000.0,2180000000.0,604000000.0,2180000000.0,2180000000.0,1552000000.0,0.0,3557000000.0,21.0,720000000.0,840000000.0,0.0,-3527000000.0,0.0,-45000000.0,2223000000.0,25000000.0,0.0,20.0,309.0,13.0,88.0,0.0,18832000000.0,-1159000000.0,6552000000.0,504000000.0,0.0,13459000000.0,4863000000.0,3946000000.0,1145000000.0,12314000000.0,13459000000.0,17277000000.0,-16862000000.0,2014.0,2.38,915966386.555,CL,Colgate-Palmolive,reports,Consumer Staples,Household Products,"New York, New York",,21665,4.929257641921398
326,CLX,2013-06-30,932000000.0,-10000000.0,4000000.0,392.0,-190000000.0,661000000.0,26.0,299000000.0,-11000000.0,159000000.0,3142000000.0,125.0,0.0,119000000.0,180000000.0,974000000.0,852000000.0,-3000000.0,0.0,1021000000.0,1105000000.0,43.0,2391000000.0,279000000.0,627000000.0,122000000.0,394000000.0,135000000.0,-11000000.0,2170000000.0,0.0,0.0,0.0,-355000000.0,32000000.0,775000000.0,-685000000.0,-55000000.0,572000000.0,48000000.0,572000000.0,573000000.0,580000000.0,0.0,970000000.0,18.0,138000000.0,147000000.0,0.0,-367000000.0,0.0,0.0,742000000.0,12000000.0,0.0,15.0,584.0,10.0,90.0,130000000.0,1561000000.0,5000000.0,1291000000.0,202000000.0,0.0,4311000000.0,1420000000.0,1134000000.0,146000000.0,4165000000.0,4311000000.0,5533000000.0,-1868000000.0,2013.0,4.37,130892448.513,CLX,The Clorox Company,reports,Consumer Staples,Household Products,"Oakland, California",1969-03-31,21076,14.863013698630137
327,CLX,2014-06-30,920000000.0,20000000.0,10000000.0,362.0,-137000000.0,709000000.0,20.0,329000000.0,1000000.0,159000000.0,3158000000.0,85.0,0.0,103000000.0,177000000.0,987000000.0,884000000.0,-7000000.0,0.0,977000000.0,1101000000.0,43.0,2356000000.0,305000000.0,611000000.0,103000000.0,386000000.0,0.0,-17000000.0,1595000000.0,0.0,0.0,0.0,-60000000.0,30000000.0,767000000.0,-592000000.0,-138000000.0,558000000.0,42000000.0,558000000.0,579000000.0,546000000.0,0.0,977000000.0,18.0,174000000.0,134000000.0,0.0,-417000000.0,0.0,-1000000.0,768000000.0,5000000.0,0.0,16.0,574.0,10.0,62.0,125000000.0,1739000000.0,-164000000.0,1254000000.0,718000000.0,0.0,4258000000.0,1395000000.0,1638000000.0,154000000.0,4104000000.0,4258000000.0,5514000000.0,-2036000000.0,2014.0,4.31,129466357.309,CLX,The Clorox Company,reports,Consumer Staples,Household Products,"Oakland, California",1969-03-31,21076,10.357142857142858
328,CLX,2015-06-30,1010000000.0,6000000.0,13000000.0,492.0,-125000000.0,775000000.0,27.0,382000000.0,-25000000.0,159000000.0,3190000000.0,102.0,0.0,95000000.0,169000000.0,1021000000.0,921000000.0,-19000000.0,0.0,918000000.0,1067000000.0,44.0,2465000000.0,315000000.0,585000000.0,100000000.0,385000000.0,0.0,122000000.0,1796000000.0,0.0,0.0,0.0,-128000000.0,53000000.0,874000000.0,-696000000.0,-106000000.0,580000000.0,0.0,580000000.0,606000000.0,519000000.0,0.0,1008000000.0,18.0,165000000.0,143000000.0,0.0,-502000000.0,0.0,19000000.0,750000000.0,6000000.0,0.0,16.0,781.0,10.0,74.0,136000000.0,1923000000.0,-183000000.0,1321000000.0,395000000.0,0.0,4164000000.0,1429000000.0,1405000000.0,118000000.0,4046000000.0,4164000000.0,5655000000.0,-2237000000.0,2015.0,4.45,130337078.652,CLX,The Clorox Company,reports,Consumer Staples,Household Products,"Oakland, California",1969-03-31,21076,15.220338983050848
329,CLX,2016-06-30,1035000000.0,-52000000.0,7000000.0,218.0,-172000000.0,868000000.0,26.0,401000000.0,-45000000.0,159000000.0,3163000000.0,95.0,0.0,82000000.0,165000000.0,1071000000.0,983000000.0,-13000000.0,0.0,906000000.0,1197000000.0,45.0,2598000000.0,335000000.0,735000000.0,88000000.0,443000000.0,0.0,-5000000.0,1797000000.0,0.0,0.0,0.0,126000000.0,19000000.0,778000000.0,-316000000.0,-430000000.0,648000000.0,51000000.0,648000000.0,648000000.0,569000000.0,0.0,1064000000.0,18.0,195000000.0,72000000.0,0.0,-570000000.0,0.0,-258000000.0,784000000.0,6000000.0,0.0,17.0,331.0,11.0,67.0,141000000.0,2163000000.0,-44000000.0,1393000000.0,523000000.0,0.0,4518000000.0,1485000000.0,1558000000.0,297000000.0,4221000000.0,4518000000.0,5761000000.0,-2323000000.0,2016.0,5.01,129341317.365,CLX,The Clorox Company,reports,Consumer Staples,Household Products,"Oakland, California",1969-03-31,21076,6.05050505050505
346,CMS,2013-12-31,1000000000.0,-120000000.0,2000000.0,13.0,-1325000000.0,4715000000.0,10.0,204000000.0,202000000.0,3000000.0,4562000000.0,130.0,0.0,1656000000.0,628000000.0,1157000000.0,756000000.0,0.0,13000000.0,12246000000.0,0.0,31.0,2004000000.0,302000000.0,0.0,401000000.0,881000000.0,-139000000.0,4000000.0,7239000000.0,705000000.0,37000000.0,0.0,427000000.0,79000000.0,1421000000.0,190000000.0,-1532000000.0,465000000.0,341000000.0,452000000.0,465000000.0,1113000000.0,0.0,1142000000.0,17.0,1939000000.0,328000000.0,213000000.0,-22000000.0,0.0,-68000000.0,3085000000.0,-88000000.0,628000000.0,12.0,22.0,7.0,85.0,0.0,-1242000000.0,36000000.0,234000000.0,732000000.0,0.0,17416000000.0,2526000000.0,1945000000.0,3454000000.0,13925000000.0,17379000000.0,6566000000.0,0.0,2013.0,1.71,271929824.561,CMS,CMS Energy,reports,Utilities,MultiUtilities,"Jackson, Michigan",,811156,2.095830920671685
347,CMS,2014-12-31,1118000000.0,-31000000.0,-28000000.0,13.0,-1577000000.0,4774000000.0,13.0,244000000.0,-36000000.0,3000000.0,5090000000.0,133.0,0.0,1785000000.0,685000000.0,1139000000.0,729000000.0,0.0,15000000.0,13412000000.0,0.0,29.0,2089000000.0,250000000.0,0.0,410000000.0,918000000.0,-255000000.0,50000000.0,8139000000.0,868000000.0,37000000.0,0.0,714000000.0,45000000.0,1481000000.0,462000000.0,-1898000000.0,492000000.0,333000000.0,477000000.0,492000000.0,1058000000.0,0.0,1152000000.0,16.0,2308000000.0,377000000.0,230000000.0,-49000000.0,0.0,-66000000.0,3606000000.0,1000000.0,685000000.0,10.0,20.0,7.0,86.0,0.0,-1058000000.0,43000000.0,252000000.0,600000000.0,0.0,19185000000.0,2597000000.0,1948000000.0,3670000000.0,15478000000.0,19148000000.0,7179000000.0,0.0,2014.0,1.76,279545454.545,CMS,CMS Energy,reports,Utilities,MultiUtilities,"Jackson, Michigan",,811156,2.2177111716621254
348,CMS,2015-12-31,1123000000.0,120000000.0,19000000.0,14.0,-1564000000.0,4837000000.0,12.0,285000000.0,147000000.0,3000000.0,4281000000.0,101.0,0.0,2073000000.0,750000000.0,1196000000.0,796000000.0,0.0,14000000.0,14705000000.0,0.0,34.0,2175000000.0,271000000.0,0.0,400000000.0,778000000.0,-385000000.0,-26000000.0,8518000000.0,1091000000.0,37000000.0,0.0,742000000.0,39000000.0,1640000000.0,463000000.0,-2064000000.0,537000000.0,143000000.0,523000000.0,537000000.0,929000000.0,0.0,1163000000.0,18.0,2183000000.0,328000000.0,224000000.0,-47000000.0,0.0,-115000000.0,3431000000.0,-19000000.0,750000000.0,12.0,20.0,8.0,67.0,0.0,-855000000.0,43000000.0,262000000.0,955000000.0,0.0,20299000000.0,2320000000.0,2302000000.0,3938000000.0,16324000000.0,20262000000.0,6456000000.0,0.0,2015.0,1.9,282631578.947,CMS,CMS Energy,reports,Utilities,MultiUtilities,"Jackson, Michigan",,811156,2.1630269172168615
349,CMS,2016-12-31,1077000000.0,-155000000.0,-44000000.0,13.0,-1672000000.0,4916000000.0,10.0,254000000.0,146000000.0,3000000.0,4010000000.0,86.0,0.0,2360000000.0,811000000.0,1266000000.0,826000000.0,0.0,13000000.0,15715000000.0,0.0,37.0,2389000000.0,273000000.0,0.0,440000000.0,626000000.0,-136000000.0,59000000.0,8750000000.0,1183000000.0,37000000.0,0.0,530000000.0,-31000000.0,1629000000.0,255000000.0,-1915000000.0,564000000.0,258000000.0,551000000.0,564000000.0,1052000000.0,0.0,1297000000.0,20.0,2444000000.0,348000000.0,294000000.0,-50000000.0,0.0,-107000000.0,3567000000.0,-43000000.0,811000000.0,13.0,19.0,9.0,62.0,0.0,-616000000.0,72000000.0,281000000.0,1284000000.0,0.0,21622000000.0,2280000000.0,2655000000.0,4253000000.0,17332000000.0,21585000000.0,6399000000.0,0.0,,,,CMS,CMS Energy,reports,Utilities,MultiUtilities,"Jackson, Michigan",,811156,2.0573712673407005
357,CNP,2015-12-31,758000000.0,345000000.0,27000000.0,20.0,-1584000000.0,0.0,43.0,264000000.0,28000000.0,0.0,5109000000.0,109.0,0.0,5052000000.0,997000000.0,-673000000.0,-1130000000.0,0.0,-1633000000.0,11537000000.0,840000000.0,31.0,2277000000.0,-438000000.0,0.0,457000000.0,347000000.0,180000000.0,-276000000.0,7901000000.0,2993000000.0,0.0,0.0,-54000000.0,-34000000.0,1865000000.0,-512000000.0,-1387000000.0,-692000000.0,1323000000.0,-692000000.0,-2325000000.0,1044000000.0,0.0,933000000.0,13.0,3275000000.0,229000000.0,343000000.0,0.0,0.0,17000000.0,2453000000.0,140000000.0,970000000.0,15.0,33.0,9.0,95.0,0.0,0.0,0.0,374000000.0,1366000000.0,805000000.0,21334000000.0,2689000000.0,2467000000.0,3461000000.0,17873000000.0,21334000000.0,7386000000.0,0.0,2015.0,-1.61,429813664.596,CNP,CenterPoint Energy,reports,Utilities,MultiUtilities,"Houston, Texas",1985-07-31,1130310,2.2828662236347874
380,COTY,2006-02-28,13078000.0,1351000.0,3138000.0,552.0,-1361000.0,57262000.0,14.0,1876000.0,-7522000.0,14000.0,75508000.0,207.0,0.0,0.0,5027000.0,-43289000.0,-48913000.0,-202000.0,0.0,6502000.0,14554000.0,5.0,4054000.0,0.0,53203000.0,5624000.0,16269000.0,93000.0,-667000.0,80000000.0,340000.0,0.0,0.0,63815000.0,1845000.0,-19390000.0,63946000.0,-42509000.0,-48913000.0,32866000.0,-48913000.0,-48913000.0,8259000.0,35122000.0,-46426000.0,58.0,1265000.0,679000.0,0.0,-674000.0,0.0,-41241000.0,967000.0,-1533000.0,0.0,61.0,552.0,61.0,82.0,0.0,-47733000.0,132000.0,15359000.0,32000.0,0.0,102946000.0,27083000.0,13110000.0,8869000.0,94077000.0,102946000.0,79562000.0,0.0,,,,COTY,"Coty, Inc",reports,Consumer Staples,Personal Products,"New York, NY",2016-10-03,1024305,9.020182658698838
382,CPB,2013-07-28,1259000000.0,-48000000.0,10000000.0,38.0,-336000000.0,362000000.0,10.0,333000000.0,-146000000.0,12000000.0,5140000000.0,68.0,0.0,489000000.0,407000000.0,1090000000.0,955000000.0,-36000000.0,0.0,2260000000.0,2297000000.0,36.0,2912000000.0,275000000.0,1021000000.0,135000000.0,925000000.0,0.0,-156000000.0,2544000000.0,0.0,-7000000.0,0.0,425000000.0,66000000.0,1019000000.0,1237000000.0,-2154000000.0,458000000.0,544000000.0,458000000.0,680000000.0,635000000.0,51000000.0,1080000000.0,13.0,524000000.0,328000000.0,114000000.0,-565000000.0,-16000000.0,-1818000000.0,798000000.0,-31000000.0,0.0,12.0,78.0,6.0,39.0,128000000.0,1772000000.0,-67000000.0,1653000000.0,1909000000.0,0.0,8323000000.0,2221000000.0,3282000000.0,1217000000.0,7106000000.0,8323000000.0,8052000000.0,-364000000.0,2013.0,1.46,313698630.137,CPB,Campbell Soup,reports,Consumer Staples,Packaged Foods & Meats,"Camden, New Jersey",,16732,2.0903861955628593
395,CSRA,2016-04-01,915548000.0,185939000.0,15221000.0,159.0,-139420000.0,117376000.0,12.0,130016000.0,0.0,163000.0,3575631000.0,93.0,0.0,162844000.0,195189000.0,202564000.0,149089000.0,0.0,0.0,530087000.0,2332158000.0,16.0,674816000.0,46167000.0,910836000.0,53475000.0,0.0,0.0,-60266000.0,2764854000.0,0.0,25692000.0,0.0,2463465000.0,125037000.0,553516000.0,1176840000.0,-1605319000.0,102922000.0,159587000.0,87145000.0,102922000.0,751228000.0,117987000.0,187343000.0,4.0,68697000.0,123278000.0,0.0,20908000.0,7977000.0,-1465899000.0,742625000.0,-29855000.0,182242000.0,4.0,231.0,2.0,93.0,0.0,-73901000.0,-74733000.0,187244000.0,170191000.0,0.0,4846300000.0,1004522000.0,1085739000.0,64546000.0,4781754000.0,4846300000.0,4250447000.0,0.0,2016.0,0.54,190596296.296,CSRA,CSRA Inc.,reports,Information Technology,IT Consulting & Other Services,"Falls Church, Virginia",2015-12-01,1646383,42.83540420785177
440,DE,2013-10-31,9240800000.0,-1246800000.0,0.0,34.0,-2375300000.0,0.0,23.0,3504000000.0,-728400000.0,3524200000.0,25667300000.0,204.0,2325400000.0,0.0,1140300000.0,6224700000.0,5483400000.0,11700000.0,100000.0,9124100000.0,844800000.0,32.0,12128100000.0,1945900000.0,77100000.0,741300000.0,4934700000.0,-3106100000.0,559500000.0,21577700000.0,221400000.0,1900000.0,0.0,2524900000.0,-1148200000.0,3254300000.0,406500000.0,-4820700000.0,3537300000.0,39700000.0,3537300000.0,3537300000.0,35039200000.0,0.0,6224700000.0,16.0,1825800000.0,0.0,0.0,-2693100000.0,-59300000.0,660700000.0,5537100000.0,-47600000.0,0.0,15.0,53.0,9.0,181.0,1477300000.0,19645600000.0,-1356900000.0,4426100000.0,12898000000.0,1624800000.0,59521300000.0,45102700000.0,22138800000.0,10265800000.0,49255500000.0,59521300000.0,37795400000.0,-10210900000.0,2013.0,9.18,385326797.386,DE,Deere & Co.,reports,Industrials,Construction & Farm Machinery & Heavy Trucks,"Moline, Illinois",,315189,2.1019014592140897
441,DE,2014-10-31,8816000000.0,-898900000.0,0.0,35.0,-2659300000.0,0.0,23.0,3787000000.0,-297900000.0,3675400000.0,24775800000.0,215.0,2776600000.0,0.0,1306500000.0,5461400000.0,4797400000.0,-73600000.0,-7600000.0,9593300000.0,791200000.0,31.0,11291100000.0,1626500000.0,68800000.0,664000000.0,4209700000.0,-1513400000.0,542400000.0,24380700000.0,303200000.0,2900000.0,0.0,3112100000.0,283000000.0,3525900000.0,-288300000.0,-2881000000.0,3161700000.0,-58300000.0,3161700000.0,3161700000.0,36832600000.0,0.0,5461400000.0,15.0,1758900000.0,0.0,0.0,-3783000000.0,-63600000.0,1291700000.0,6496500000.0,-231200000.0,0.0,13.0,53.0,9.0,196.0,1452000000.0,22004400000.0,-2581600000.0,4377700000.0,12577700000.0,1215100000.0,61336400000.0,46044400000.0,21393700000.0,9062600000.0,52273800000.0,61336400000.0,36066900000.0,-12834200000.0,2014.0,8.71,362996555.683,DE,Deere & Co.,reports,Industrials,Construction & Farm Machinery & Heavy Trucks,"Moline, Illinois",,315189,2.6902544523646634
442,DE,2015-10-31,7552900000.0,1145000000.0,0.0,29.0,-2826100000.0,0.0,22.0,4162200000.0,-691400000.0,3825600000.0,20143200000.0,205.0,2767300000.0,0.0,1382400000.0,3460100000.0,2780100000.0,-187300000.0,900000.0,10151900000.0,726000000.0,30.0,8719600000.0,840100000.0,63600000.0,680000000.0,3817000000.0,629000000.0,-213700000.0,23832800000.0,303500000.0,14200000.0,0.0,1349400000.0,375200000.0,3740300000.0,-2119100000.0,-1058700000.0,1940000000.0,136900000.0,1940000000.0,1940000000.0,33719200000.0,0.0,3460100000.0,12.0,1799500000.0,0.0,0.0,-4729400000.0,-72100000.0,1138400000.0,6787700000.0,40200000.0,0.0,10.0,41.0,7.0,186.0,1425100000.0,23144800000.0,-2598600000.0,3834400000.0,13016600000.0,437400000.0,57947600000.0,42135800000.0,20569500000.0,6743400000.0,51204200000.0,57947600000.0,28862800000.0,-15497600000.0,,,,DE,Deere & Co.,reports,Industrials,Construction & Farm Machinery & Heavy Trucks,"Moline, Illinois",,315189,3.534240887386185
443,DE,2016-10-31,7487700000.0,335200000.0,0.0,23.0,-2955100000.0,0.0,25.0,4335800000.0,-106100000.0,3911800000.0,18248900000.0,211.0,2964400000.0,0.0,1559800000.0,2987700000.0,2224000000.0,-13000000.0,-2400000.0,11072100000.0,815700000.0,32.0,8395100000.0,700100000.0,104100000.0,763700000.0,3340500000.0,655100000.0,85000000.0,23759700000.0,232600000.0,10800000.0,14000000.0,-1410500000.0,173600000.0,3764300000.0,-2400500000.0,-1177200000.0,1523900000.0,530800000.0,1523900000.0,1523900000.0,32875100000.0,0.0,2987700000.0,11.0,1787600000.0,0.0,0.0,-5626000000.0,-64700000.0,1122800000.0,8274500000.0,-161900000.0,0.0,8.0,34.0,6.0,194.0,1389100000.0,23911300000.0,-169400000.0,4018300000.0,11914700000.0,453500000.0,57981400000.0,41004900000.0,19402400000.0,6520000000.0,51461400000.0,57981400000.0,26644000000.0,-15677100000.0,2016.0,0.91,1674615384.62,DE,Deere & Co.,reports,Industrials,Construction & Farm Machinery & Heavy Trucks,"Moline, Illinois",,315189,3.6441257668711655
499,DPS,2016-12-31,307000000.0,-28000000.0,-3000000.0,40.0,-180000000.0,95000000.0,170.0,1787000000.0,3000000.0,2000000.0,2582000000.0,260.0,62000000.0,1929000000.0,160000000.0,1430000000.0,1283000000.0,-4000000.0,-2000000.0,1138000000.0,2993000000.0,60.0,3858000000.0,434000000.0,2656000000.0,147000000.0,202000000.0,-7000000.0,-23000000.0,4468000000.0,23000000.0,0.0,0.0,1050000000.0,880000000.0,939000000.0,130000000.0,-189000000.0,847000000.0,30000000.0,847000000.0,847000000.0,646000000.0,0.0,1433000000.0,22.0,183000000.0,101000000.0,734000000.0,-229000000.0,-32000000.0,-2000000.0,209000000.0,-50000000.0,99000000.0,20.0,60.0,13.0,241.0,0.0,2266000000.0,-505000000.0,2326000000.0,10000000.0,0.0,9791000000.0,2736000000.0,1051000000.0,2134000000.0,7657000000.0,9791000000.0,6440000000.0,0.0,,,,DPS,Dr Pepper Snapple Group,reports,Consumer Staples,Soft Drinks,"Plano, Texas",2008-10-07,1418135,2.0937207122774133
508,DVA,2012-12-31,981054000.0,4057000.0,-295780000.0,14.0,-550146000.0,1208665000.0,27.0,533748000.0,4052000.0,270000.0,5583549000.0,143.0,0.0,715657000.0,343908000.0,1001304000.0,1001304000.0,-786000.0,16377000.0,1872370000.0,8952750000.0,32.0,2602731000.0,359845000.0,2128118000.0,0.0,78126000.0,9044000.0,-40482000.0,8326534000.0,94491000.0,153788000.0,580692000.0,3962148000.0,139996000.0,1100848000.0,3872384000.0,-4832450000.0,536017000.0,149851000.0,536017000.0,641459000.0,2066466000.0,90176000.0,1297084000.0,16.0,79854000.0,201572000.0,563365000.0,-15297000.0,0.0,-4291348000.0,458400000.0,-1775000.0,341969000.0,12.0,27.0,7.0,139.0,0.0,3731835000.0,18945000.0,889879000.0,472006000.0,7138000.0,16014633000.0,2887050000.0,2016425000.0,3763137000.0,12251496000.0,16014633000.0,8186280000.0,-1162336000.0,2012.0,5.58,96060394.2652,DVA,DaVita Inc.,reports,Health Care,Health Care Facilities,"Denver, Colorado",2008-07-31,927066,2.212657684267142
546,EMN,2014-12-31,1721000000.0,19000000.0,15000000.0,21.0,-593000000.0,1817000000.0,11.0,214000000.0,-61000000.0,2000000.0,7306000000.0,157.0,0.0,946000000.0,450000000.0,1177000000.0,990000000.0,-4000000.0,0.0,5087000000.0,4486000000.0,23.0,2221000000.0,235000000.0,2905000000.0,187000000.0,1509000000.0,0.0,-195000000.0,7248000000.0,0.0,80000000.0,0.0,3250000000.0,-23000000.0,1408000000.0,2664000000.0,-4091000000.0,751000000.0,450000000.0,751000000.0,755000000.0,1200000000.0,77000000.0,1162000000.0,12.0,421000000.0,250000000.0,0.0,-277000000.0,0.0,-3498000000.0,2266000000.0,-12000000.0,0.0,10.0,28.0,8.0,82.0,227000000.0,4545000000.0,-367000000.0,755000000.0,301000000.0,0.0,16072000000.0,3173000000.0,2022000000.0,3510000000.0,12562000000.0,16072000000.0,9527000000.0,-2577000000.0,2014.0,5.03,149304174.95,EMN,Eastman Chemical,reports,Materials,Diversified Chemicals,"Kingsport, Tennessee",1994-01-01,915389,2.064957264957265
558,EQIX,2014-12-31,400265000.0,-101966000.0,-153980000.0,11.0,-676994000.0,3334305000.0,178.0,613974000.0,0.0,57000.0,1197885000.0,232.0,0.0,0.0,500358000.0,355286000.0,84733000.0,-11959000.0,0.0,4998270000.0,1002129000.0,51.0,1245891000.0,345459000.0,147527000.0,270553000.0,0.0,239551000.0,275847000.0,4563126000.0,439000.0,0.0,0.0,807810000.0,349023000.0,689420000.0,107401000.0,-435839000.0,-259547000.0,282403000.0,-259547000.0,-416537000.0,262570000.0,2506000.0,509266000.0,21.0,142670000.0,85004000.0,162664000.0,-332443000.0,-116517000.0,1604000.0,304964000.0,-6496000.0,0.0,3.0,4.0,11.0,232.0,0.0,-720377000.0,-494914000.0,734119000.0,80828000.0,529395000.0,7781978000.0,1490943000.0,643757000.0,2270131000.0,5511847000.0,7781978000.0,2443776000.0,-11411000.0,2014.0,-4.96,52328024.1935,EQIX,Equinix,reports,Real Estate,REITs,"Redwood City, California",2015-03-20,1101239,2.010071665467764
559,EQIX,2015-12-31,504055000.0,-44583000.0,-57289000.0,7.0,-906402000.0,4838444000.0,164.0,2708255000.0,0.0,62000.0,1291506000.0,197.0,0.0,0.0,541630000.0,510053000.0,210998000.0,-15127000.0,0.0,5606436000.0,1063200000.0,53.0,1434361000.0,23224000.0,224565000.0,299055000.0,0.0,514108000.0,126114000.0,5564542000.0,4584000.0,0.0,0.0,1553175000.0,1617921000.0,894793000.0,1873182000.0,-1134927000.0,187774000.0,154229000.0,187774000.0,187485000.0,291964000.0,41723000.0,567342000.0,21.0,198630000.0,246186000.0,195821000.0,-509059000.0,0.0,-742633000.0,390413000.0,-70371000.0,0.0,8.0,8.0,7.0,197.0,0.0,-1576688000.0,859536000.0,825296000.0,956478000.0,12875000.0,10356695000.0,3259280000.0,1656354000.0,2745386000.0,7611309000.0,10356695000.0,2725867000.0,-7373000.0,2015.0,3.25,57776615.3846,EQIX,Equinix,reports,Real Estate,REITs,"Redwood City, California",2015-03-20,1101239,2.0268705384233767
608,F,2013-12-31,19531000000.0,-1913000000.0,1322000000.0,46.0,-6597000000.0,21422000000.0,187.0,14468000000.0,-437000000.0,40000000.0,123050000000.0,674.0,13468000000.0,598000000.0,6544000000.0,15200000000.0,14371000000.0,-37000000.0,1069000000.0,47600000000.0,0.0,16.0,23867000000.0,2425000000.0,0.0,829000000.0,7708000000.0,32498000000.0,1232000000.0,114688000000.0,3679000000.0,33000000.0,331000000.0,9663000000.0,-1191000000.0,10444000000.0,8133000000.0,-19731000000.0,11953000000.0,-6222000000.0,11953000000.0,13022000000.0,87309000000.0,208000000.0,12809000000.0,9.0,5847000000.0,0.0,0.0,-18230000000.0,257000000.0,-45632000000.0,40886000000.0,-706000000.0,0.0,10.0,55.0,8.0,634.0,0.0,23386000000.0,-213000000.0,10850000000.0,0.0,22100000000.0,202179000000.0,131585000000.0,19531000000.0,26112000000.0,176067000000.0,202179000000.0,146917000000.0,-506000000.0,2013.0,1.82,6567582417.58,F,Ford Motor,reports,Consumer Discretionary,Automobile Manufacturers,"Dearborn, Michigan",,37996,4.392156862745098
609,F,2014-12-31,20035000000.0,-2896000000.0,424000000.0,5.0,-7463000000.0,21089000000.0,155.0,10757000000.0,-936000000.0,40000000.0,131903000000.0,658.0,14024000000.0,570000000.0,7423000000.0,2031000000.0,1234000000.0,-517000000.0,1275000000.0,53343000000.0,0.0,8.0,12174000000.0,4000000.0,0.0,797000000.0,7870000000.0,38348000000.0,5729000000.0,119171000000.0,3357000000.0,27000000.0,342000000.0,7314000000.0,-3711000000.0,14507000000.0,3423000000.0,-21124000000.0,1231000000.0,4424000000.0,1231000000.0,2506000000.0,92819000000.0,0.0,332000000.0,0.0,6052000000.0,0.0,0.0,-5265000000.0,25000000.0,-52009000000.0,44032000000.0,-467000000.0,0.0,1.0,5.0,1.0,619.0,0.0,9422000000.0,-1964000000.0,11842000000.0,0.0,20393000000.0,208615000000.0,131839000000.0,20035000000.0,24438000000.0,184177000000.0,208615000000.0,144077000000.0,-848000000.0,2014.0,0.81,1519753086.42,F,Ford Motor,reports,Consumer Discretionary,Automobile Manufacturers,"Dearborn, Michigan",,37996,4.876462885669858
610,F,2015-12-31,20272000000.0,-3563000000.0,1560000000.0,26.0,-7196000000.0,21421000000.0,43.0,14272000000.0,-1155000000.0,41000000.0,131409000000.0,125.0,11509000000.0,502000000.0,7966000000.0,11025000000.0,10252000000.0,-815000000.0,1818000000.0,57256000000.0,0.0,12.0,18149000000.0,2881000000.0,0.0,773000000.0,8319000000.0,37751000000.0,7758000000.0,89879000000.0,48778000000.0,15000000.0,94000000.0,17148000000.0,3515000000.0,16170000000.0,14322000000.0,-26162000000.0,7373000000.0,-1506000000.0,7373000000.0,9191000000.0,56179000000.0,0.0,7647000000.0,5.0,4795000000.0,2913000000.0,19089000000.0,-6257000000.0,-317000000.0,-56717000000.0,23457000000.0,-701000000.0,0.0,7.0,36.0,5.0,114.0,0.0,14414000000.0,-129000000.0,10502000000.0,42975000000.0,20904000000.0,224925000000.0,102587000000.0,82336000000.0,28642000000.0,196283000000.0,224925000000.0,149558000000.0,-977000000.0,2015.0,1.86,3963978494.62,F,Ford Motor,reports,Consumer Discretionary,Automobile Manufacturers,"Dearborn, Michigan",,37996,3.1380141051602544
611,F,2016-12-31,21296000000.0,-2855000000.0,1794000000.0,16.0,-6992000000.0,21630000000.0,43.0,15905000000.0,-815000000.0,41000000.0,135488000000.0,120.0,9705000000.0,691000000.0,8717000000.0,7690000000.0,6796000000.0,-265000000.0,1780000000.0,60901000000.0,0.0,11.0,16312000000.0,2189000000.0,0.0,894000000.0,8898000000.0,37585000000.0,6595000000.0,93301000000.0,53228000000.0,17000000.0,96000000.0,11028000000.0,1633000000.0,19792000000.0,7458000000.0,-25352000000.0,4596000000.0,3544000000.0,4596000000.0,6376000000.0,57368000000.0,0.0,4116000000.0,3.0,5656000000.0,3368000000.0,19316000000.0,-7013000000.0,-49000000.0,-55945000000.0,24395000000.0,-1000000.0,0.0,4.0,23.0,3.0,110.0,0.0,15634000000.0,-145000000.0,12196000000.0,49669000000.0,22922000000.0,237951000000.0,108461000000.0,90281000000.0,29170000000.0,208781000000.0,237951000000.0,151800000000.0,-1122000000.0,,,,F,Ford Motor,reports,Consumer Discretionary,Automobile Manufacturers,"Dearborn, Michigan",,37996,3.1985258827562566
627,FCX,2015-12-31,3386000000.0,813000000.0,45000000.0,155.0,-6353000000.0,24283000000.0,5.0,224000000.0,379000000.0,137000000.0,28524000000.0,173.0,0.0,4288000000.0,3706000000.0,-13337000000.0,-13982000000.0,0.0,-3000000.0,36873000000.0,0.0,80.0,-12647000000.0,-1935000000.0,0.0,645000000.0,4788000000.0,0.0,-916000000.0,19779000000.0,0.0,4216000000.0,764000000.0,1595000000.0,-240000000.0,3220000000.0,2786000000.0,-6246000000.0,-12156000000.0,11230000000.0,-12236000000.0,-12156000000.0,2277000000.0,78000000.0,-13382000000.0,84.0,2242000000.0,173000000.0,272000000.0,-503000000.0,0.0,107000000.0,5395000000.0,97000000.0,0.0,88.0,179.0,77.0,62.0,127000000.0,-12387000000.0,1936000000.0,569000000.0,649000000.0,0.0,46577000000.0,7462000000.0,4307000000.0,7828000000.0,38749000000.0,46577000000.0,15877000000.0,-3702000000.0,2015.0,-11.31,1074801061.01,FCX,Freeport-McMoran Cp & Gld,reports,Materials,Copper,"Phoenix, Arizona",,831259,2.5266990291262137
676,FTR,2012-12-31,760134000.0,43813000.0,-70231000.0,1.0,-802504000.0,4639563000.0,86.0,1341940000.0,0.0,256997000.0,0.0,134.0,0.0,2357210000.0,1266807000.0,916937000.0,228952000.0,0.0,0.0,7504896000.0,6337719000.0,100.0,5011853000.0,75638000.0,1542739000.0,687985000.0,0.0,0.0,-148906000.0,8381947000.0,0.0,11675000.0,0.0,603672000.0,1000438000.0,1552473000.0,82904000.0,-634939000.0,46273000.0,226045000.0,136636000.0,46273000.0,678291000.0,81737000.0,987168000.0,20.0,261074000.0,66972000.0,232836000.0,-483576000.0,-93526000.0,167565000.0,1321683000.0,11400000.0,1266807000.0,5.0,6.0,1.0,134.0,0.0,63205000.0,0.0,2676141000.0,560550000.0,0.0,17733631000.0,2087203000.0,1553520000.0,4107596000.0,13626035000.0,17733631000.0,5011853000.0,-368593000.0,2012.0,0.14,330521428.571,FTR,Frontier Communications,reports,Telecommunications Services,Integrated Telecommunications Services,"Stamford, Connecticut",,20520,2.040596738335513
678,FTR,2014-12-31,976000000.0,-61000000.0,39000000.0,4.0,-688000000.0,3990000000.0,45.0,682000000.0,0.0,257000000.0,0.0,94.0,0.0,2868000000.0,1149000000.0,859000000.0,163000000.0,0.0,0.0,8566000000.0,7205000000.0,100.0,4772000000.0,30000000.0,1500000000.0,696000000.0,0.0,11000000.0,90000000.0,9393000000.0,0.0,0.0,0.0,1651000000.0,-198000000.0,1270000000.0,1208000000.0,-2676000000.0,133000000.0,-88000000.0,133000000.0,133000000.0,672000000.0,142000000.0,820000000.0,17.0,124000000.0,61000000.0,238000000.0,-404000000.0,-2000000.0,-1999000000.0,1379000000.0,47000000.0,1139000000.0,3.0,4.0,3.0,94.0,0.0,109000000.0,0.0,2671000000.0,298000000.0,0.0,18810000000.0,1415000000.0,1512000000.0,3658000000.0,15152000000.0,18810000000.0,4772000000.0,-294000000.0,2014.0,0.13,1023076923.08,FTR,Frontier Communications,reports,Telecommunications Services,Integrated Telecommunications Services,"Stamford, Connecticut",,20520,2.5677966101694913
679,FTR,2015-12-31,1150000000.0,62000000.0,7000000.0,3.0,-863000000.0,6034000000.0,496.0,9380000000.0,0.0,298000000.0,0.0,535.0,0.0,2666000000.0,1511000000.0,752000000.0,-361000000.0,0.0,0.0,8493000000.0,7166000000.0,100.0,5576000000.0,-165000000.0,1143000000.0,1113000000.0,0.0,-8444000000.0,102000000.0,15508000000.0,0.0,0.0,0.0,6305000000.0,254000000.0,1301000000.0,8275000000.0,-9322000000.0,-196000000.0,-130000000.0,-316000000.0,-196000000.0,651000000.0,236000000.0,745000000.0,13.0,151000000.0,100000000.0,359000000.0,-353000000.0,0.0,-15000000.0,1403000000.0,-48000000.0,1320000000.0,6.0,6.0,4.0,535.0,0.0,-87000000.0,2665000000.0,3275000000.0,384000000.0,0.0,27084000000.0,10131000000.0,1893000000.0,5614000000.0,21470000000.0,27084000000.0,5576000000.0,-278000000.0,2015.0,-0.29,675862068.966,FTR,Frontier Communications,reports,Telecommunications Services,Integrated Telecommunications Services,"Stamford, Connecticut",,20520,2.7623797648735304
684,GGP,2012-12-31,1315980000.0,4985000.0,-496318000.0,6.0,-702346000.0,10432447000.0,,624815000.0,0.0,9392000.0,800336000.0,,179837000.0,28174000.0,823443000.0,299992000.0,-481229000.0,0.0,78342000.0,22021557000.0,0.0,67.0,1625965000.0,9091000.0,0.0,781221000.0,0.0,83643000.0,-63945000.0,16173066000.0,2865871000.0,83322000.0,268219000.0,-208268000.0,51943000.0,807103000.0,-533708000.0,-221452000.0,-481233000.0,440894000.0,-481233000.0,-426985000.0,260860000.0,3679000.0,781303000.0,32.0,1329465000.0,0.0,0.0,-87354000.0,14188000.0,397251000.0,1791946000.0,33461000.0,768820000.0,20.0,6.0,20.0,,0.0,-2732787000.0,48523000.0,72163000.0,0.0,0.0,27282405000.0,0.0,0.0,7621698000.0,19660707000.0,27282405000.0,2426301000.0,0.0,,,,GGP,General Growth Properties Inc.,reports,Real Estate,Retail REITs,"Chicago, Illinois",2013-12-10,895648,2.1219767563605907
686,GGP,2014-12-31,1125189000.0,-19613000.0,101758000.0,9.0,-1162186000.0,11351625000.0,,372471000.0,0.0,9409000.0,783602000.0,,130389000.0,21240000.0,772807000.0,1043271000.0,343986000.0,0.0,61278000.0,20696465000.0,0.0,69.0,1751957000.0,7253000.0,0.0,699285000.0,0.0,123078000.0,21703000.0,16150387000.0,2604762000.0,79601000.0,299296000.0,620111000.0,-204800000.0,949724000.0,-476599000.0,-677925000.0,665850000.0,-476035000.0,649914000.0,398011000.0,663768000.0,13333000.0,941513000.0,37.0,813777000.0,0.0,0.0,-51753000.0,13782000.0,361183000.0,0.0,-29032000.0,708406000.0,14.0,5.0,26.0,,0.0,-2822740000.0,-555295000.0,88705000.0,0.0,0.0,25281632000.0,0.0,0.0,7605919000.0,17675713000.0,25281632000.0,2535559000.0,-1122664000.0,,,,GGP,General Growth Properties Inc.,reports,Real Estate,Retail REITs,"Chicago, Illinois",2013-12-10,895648,2.123397185797009
710,GPN,2015-05-31,326875000.0,-8069000.0,4949000.0,37.0,-92550000.0,148742000.0,22.0,650739000.0,0.0,0.0,1022107000.0,109.0,30428000.0,202855000.0,137505000.0,461546000.0,417110000.0,-56288000.0,0.0,374143000.0,1491833000.0,63.0,1751611000.0,107995000.0,560136000.0,44436000.0,0.0,0.0,-69513000.0,1678283000.0,0.0,105577000.0,0.0,546819000.0,68867000.0,424701000.0,141375000.0,-440921000.0,278040000.0,119714000.0,278040000.0,278040000.0,202938000.0,0.0,456597000.0,16.0,32846000.0,2436238000.0,2033900000.0,-185992000.0,0.0,-348371000.0,19422000.0,-64051000.0,0.0,15.0,55.0,10.0,109.0,0.0,795226000.0,-365527000.0,1295014000.0,654413000.0,0.0,5779301000.0,3289915000.0,3015188000.0,757976000.0,5021325000.0,5779301000.0,2773718000.0,0.0,2015.0,4.15,66997590.3614,GPN,Global Payments Inc,reports,Information Technology,Data Processing & Outsourced Services,"Atlanta, Georgia",2016-04-25,1123360,2.214163772995451
720,GT,2013-12-31,3855000000.0,79000000.0,-97000000.0,39.0,-1168000000.0,2847000000.0,60.0,2996000000.0,366000000.0,248000000.0,15422000000.0,172.0,157000000.0,256000000.0,740000000.0,1205000000.0,813000000.0,-169000000.0,0.0,7320000000.0,668000000.0,21.0,4118000000.0,138000000.0,138000000.0,392000000.0,2816000000.0,-16000000.0,185000000.0,6162000000.0,0.0,262000000.0,577000000.0,1143000000.0,715000000.0,938000000.0,1082000000.0,-1136000000.0,629000000.0,-1103000000.0,600000000.0,629000000.0,2578000000.0,0.0,1302000000.0,7.0,600000000.0,254000000.0,1083000000.0,-3947000000.0,0.0,48000000.0,3639000000.0,-4000000.0,0.0,4.0,51.0,3.0,116.0,0.0,1958000000.0,22000000.0,2816000000.0,87000000.0,0.0,17527000000.0,8644000000.0,5025000000.0,1606000000.0,15921000000.0,17527000000.0,19540000000.0,0.0,2013.0,2.44,257786885.246,GT,Goodyear Tire & Rubber,reports,Consumer Discretionary,Tires & Rubber,"Akron, Ohio",,42582,3.8368617683686175
747,HBI,2016-12-31,1358696000.0,-79211000.0,-51758000.0,44.0,-83399000.0,260002000.0,29.0,460245000.0,135807000.0,3787000.0,3752151000.0,206.0,464872000.0,0.0,112209000.0,723891000.0,571199000.0,-8944000.0,0.0,692464000.0,1098540000.0,38.0,2276048000.0,34272000.0,1285458000.0,152692000.0,1840565000.0,0.0,-135665000.0,3507685000.0,0.0,0.0,0.0,1073213000.0,141076000.0,605607000.0,511054000.0,-966641000.0,539382000.0,57648000.0,539382000.0,536927000.0,814178000.0,0.0,775649000.0,13.0,67980000.0,183432000.0,53987000.0,-435991000.0,-14883000.0,-883242000.0,573213000.0,-24563000.0,0.0,9.0,47.0,9.0,91.0,0.0,1396116000.0,-379901000.0,1500399000.0,190239000.0,0.0,6907734000.0,3298420000.0,1602922000.0,1223914000.0,5683820000.0,6907734000.0,6028199000.0,0.0,,,,HBI,Hanesbrands Inc,reports,Consumer Discretionary,"Apparel, Accessories & Luxury Goods","Winston-Salem, North Carolina",2015-03-20,1359841,2.86595708522004
763,HD,2016-01-31,10533000000.0,-181000000.0,166000000.0,111.0,-1503000000.0,9347000000.0,18.0,2216000000.0,-546000000.0,88000000.0,58254000000.0,136.0,0.0,854000000.0,1863000000.0,11940000000.0,11021000000.0,-111000000.0,0.0,22191000000.0,2102000000.0,34.0,30265000000.0,4012000000.0,0.0,919000000.0,11809000000.0,144000000.0,1151000000.0,20888000000.0,0.0,0.0,0.0,4012000000.0,604000000.0,9373000000.0,-5787000000.0,-2982000000.0,7009000000.0,100000000.0,7009000000.0,7009000000.0,1890000000.0,0.0,11774000000.0,13.0,1263000000.0,1078000000.0,1566000000.0,-898000000.0,4000000.0,-1623000000.0,1965000000.0,-23000000.0,1690000000.0,12.0,174.0,8.0,41.0,0.0,30973000000.0,-6772000000.0,16801000000.0,427000000.0,0.0,42549000000.0,16993000000.0,12526000000.0,6316000000.0,36233000000.0,42549000000.0,88519000000.0,-33194000000.0,2015.0,5.49,1276684881.6,HD,Home Depot,reports,Consumer Discretionary,Home Improvement Retail,"Atlanta, Georgia",1988-03-31,354950,3.307156428119063
775,HOG,2015-12-31,707578000.0,0.0,6585000.0,41.0,-259974000.0,1328561000.0,31.0,810476000.0,0.0,3449000.0,3619612000.0,145.0,99614000.0,0.0,0.0,1162280000.0,1150163000.0,-14677000.0,0.0,942418000.0,54182000.0,40.0,2375790000.0,397956000.0,0.0,12117000.0,585907000.0,-603438000.0,0.0,4845388000.0,4814571000.0,0.0,0.0,1408571000.0,-184471000.0,1100118000.0,-354064000.0,-915848000.0,752207000.0,0.0,752207000.0,752207000.0,2403756000.0,0.0,1155695000.0,19.0,97228000.0,137823000.0,0.0,-615205000.0,0.0,-52436000.0,553547000.0,0.0,0.0,19.0,63.0,13.0,123.0,0.0,8961985000.0,-1516841000.0,1220095000.0,2045000000.0,45192000.0,9991167000.0,3983154000.0,2752578000.0,1839654000.0,8151513000.0,9991167000.0,5995402000.0,-7839136000.0,2015.0,3.71,202751212.938,HOG,Harley-Davidson,reports,Consumer Discretionary,Motorcycle Manufacturers,"Milwaukee, Wisconsin",,793952,2.6338583233586315
776,HOLX,2013-09-28,392300000.0,4100000.0,48300000.0,60.0,-90100000.0,5536300000.0,76.0,829400000.0,25200000.0,2700000.0,1330900000.0,149.0,0.0,1560800000.0,516000000.0,-911800000.0,-1192900000.0,-1700000.0,0.0,491500000.0,2814500000.0,47.0,1161400000.0,-20100000.0,3906700000.0,281100000.0,289400000.0,-1600000.0,9200000.0,4242100000.0,0.0,0.0,0.0,-265000000.0,262100000.0,493800000.0,-248800000.0,18800000.0,-1172800000.0,1086100000.0,-1172800000.0,-1182000000.0,409300000.0,1150200000.0,-906200000.0,36.0,163900000.0,96100000.0,132300000.0,20400000.0,-56900000.0,110500000.0,168000000.0,26000000.0,112600000.0,48.0,61.0,47.0,123.0,197600000.0,-3616400000.0,75100000.0,661100000.0,563800000.0,0.0,9000800000.0,1624200000.0,1088400000.0,1941500000.0,7059300000.0,9000800000.0,2492300000.0,-1500000.0,2013.0,-4.36,268990825.688,HOLX,Hologic,reports,Health Care,Health Care Equipment,"Marlborough, Massachusetts",2016-03-30,859737,2.1849600824105075
777,HOLX,2014-09-27,354200000.0,7900000.0,-11000000.0,1.0,-80200000.0,5658200000.0,120.0,741600000.0,-44700000.0,2800000.0,1285200000.0,253.0,0.0,1395500000.0,523200000.0,268700000.0,48100000.0,-2700000.0,0.0,461900000.0,2810800000.0,49.0,1245500000.0,30800000.0,3433600000.0,220600000.0,330600000.0,-7300000.0,41600000.0,4153200000.0,0.0,0.0,0.0,-595000000.0,-86400000.0,508400000.0,-525100000.0,-67000000.0,17300000.0,-76600000.0,17300000.0,9900000.0,435400000.0,57300000.0,279700000.0,11.0,142600000.0,58200000.0,150900000.0,2600000.0,-14800000.0,20500000.0,183400000.0,39700000.0,113800000.0,2.0,2.0,1.0,199.0,203200000.0,-3600600000.0,81400000.0,591500000.0,114500000.0,0.0,8414700000.0,1565800000.0,619600000.0,2063000000.0,6351700000.0,8414700000.0,2530700000.0,0.0,2014.0,0.06,288333333.333,HOLX,Hologic,reports,Health Care,Health Care Equipment,"Marlborough, Massachusetts",2016-03-30,859737,2.013184682501212
798,HRB,2016-04-30,795126000.0,-70721000.0,5249000.0,1620.0,-99923000.0,758230000.0,96.0,1000911000.0,0.0,2602000.0,1250320000.0,118.0,120123000.0,293142000.0,173598000.0,638441000.0,569479000.0,-10569000.0,0.0,293565000.0,470757000.0,59.0,1787833000.0,185926000.0,433885000.0,68962000.0,0.0,470192000.0,-40344000.0,1501925000.0,202385000.0,0.0,0.0,251098000.0,-1110389000.0,532394000.0,-1961729000.0,329515000.0,374267000.0,135211000.0,374267000.0,383553000.0,153116000.0,75395000.0,633192000.0,21.0,114762000.0,67138000.0,243653000.0,-11233000.0,-18576000.0,-40754000.0,0.0,-39617000.0,173598000.0,19.0,2465.0,12.0,118.0,0.0,40347000.0,-1992563000.0,905648000.0,826000.0,1133000.0,2857775000.0,1222298000.0,1039605000.0,23103000.0,2834672000.0,2857775000.0,3038153000.0,-766843000.0,2016.0,1.5,249511333.333,HRB,Block H&R,reports,Financials,Consumer Finance,"Kansas City, Missouri",1986-11-30,12659,65.0099554170454
825,IBM,2014-12-31,21973000000.0,1270000000.0,1938000000.0,101.0,-3740000000.0,0.0,21.0,8476000000.0,-39000000.0,52666000000.0,46386000000.0,120.0,6675000000.0,3691000000.0,4492000000.0,20470000000.0,19986000000.0,-655000000.0,0.0,10771000000.0,30556000000.0,50.0,46407000000.0,4234000000.0,3104000000.0,484000000.0,2103000000.0,-923000000.0,-1111000000.0,34991000000.0,16629000000.0,146000000.0,0.0,1783000000.0,-2240000000.0,16868000000.0,-15452000000.0,-3001000000.0,12022000000.0,2121000000.0,12022000000.0,15751000000.0,31831000000.0,0.0,18532000000.0,20.0,2160000000.0,4967000000.0,11877000000.0,-27875000000.0,0.0,1662000000.0,26994000000.0,-1886000000.0,0.0,22.0,168.0,13.0,114.0,5437000000.0,137793000000.0,-12970000000.0,22438000000.0,5731000000.0,0.0,117271000000.0,47377000000.0,39581000000.0,11868000000.0,105403000000.0,117271000000.0,92793000000.0,-150715000000.0,2014.0,11.97,1004344193.82,IBM,International Business Machines,reports,Information Technology,IT Consulting & Other Services,"Armonk, New York",,51143,2.9483485001685206
826,IBM,2015-12-31,16788000000.0,812000000.0,724000000.0,92.0,-3579000000.0,0.0,24.0,7686000000.0,133000000.0,53262000000.0,41057000000.0,124.0,4822000000.0,3771000000.0,3855000000.0,16413000000.0,15945000000.0,-473000000.0,0.0,10727000000.0,32021000000.0,50.0,40684000000.0,2581000000.0,3487000000.0,468000000.0,1551000000.0,-629000000.0,59000000.0,33428000000.0,15200000000.0,162000000.0,0.0,19000000.0,-790000000.0,17008000000.0,-9166000000.0,-8159000000.0,13190000000.0,2407000000.0,13190000000.0,13364000000.0,28554000000.0,0.0,15689000000.0,19.0,1734000000.0,4205000000.0,11021000000.0,-29607000000.0,0.0,-3952000000.0,24603000000.0,-3448000000.0,0.0,20.0,112.0,16.0,120.0,5247000000.0,146124000000.0,-4287000000.0,19748000000.0,6461000000.0,508000000.0,110495000000.0,42504000000.0,34269000000.0,14262000000.0,96233000000.0,110495000000.0,81741000000.0,-155518000000.0,2015.0,13.48,978486646.884,IBM,International Business Machines,reports,Information Technology,IT Consulting & Other Services,"Armonk, New York",,51143,2.3438507923152434
829,IDXX,2014-12-31,240094000.0,-3626000.0,1729000.0,155.0,-60523000.0,888293000.0,39.0,322536000.0,-38310000.0,10195000.0,669691000.0,93.0,0.0,63353000.0,58888000.0,261984000.0,246555000.0,-8517000.0,0.0,303587000.0,184450000.0,55.0,816116000.0,64604000.0,65122000.0,15429000.0,160342000.0,5400000.0,20898000.0,350000000.0,0.0,73000.0,0.0,470606000.0,43478000.0,235846000.0,-103438000.0,-80413000.0,181906000.0,4726000.0,181906000.0,181906000.0,190069000.0,0.0,260255000.0,18.0,71654000.0,86451000.0,31812000.0,-3005000.0,0.0,-25290000.0,32363000.0,11319000.0,0.0,17.0,210.0,12.0,73.0,98263000.0,1675299000.0,-588716000.0,457598000.0,549000000.0,0.0,1384211000.0,759398000.0,820906000.0,117516000.0,1266695000.0,1384211000.0,1485807000.0,-2453266000.0,2014.0,3.63,50111845.73,IDXX,IDEXX Laboratories,reports,Health Care,Health Care Equipment,"Westbrook, Maine",2017-01-05,874716,2.9783178460805337
849,IP,2014-12-31,4167000000.0,-97000000.0,-38000000.0,11.0,0.0,6245000000.0,38.0,1881000000.0,-103000000.0,449000000.0,16254000000.0,162.0,1324000000.0,3063000000.0,1414000000.0,1479000000.0,872000000.0,-52000000.0,-200000000.0,12728000000.0,3773000000.0,31.0,7363000000.0,123000000.0,0.0,607000000.0,2424000000.0,0.0,-36000000.0,10681000000.0,248000000.0,148000000.0,0.0,-352000000.0,79000000.0,3077000000.0,-2086000000.0,-860000000.0,555000000.0,1285000000.0,555000000.0,549000000.0,3414000000.0,946000000.0,1517000000.0,6.0,2652000000.0,240000000.0,0.0,-4646000000.0,-4000000.0,-860000000.0,4768000000.0,78000000.0,1406000000.0,4.0,17.0,2.0,113.0,0.0,4409000000.0,-1110000000.0,3494000000.0,742000000.0,0.0,28684000000.0,7959000000.0,4909000000.0,5115000000.0,23569000000.0,28684000000.0,23617000000.0,-1342000000.0,2014.0,1.3,426923076.923,IP,International Paper,reports,Materials,Paper Packaging,"Memphis, Tennessee",,51434,2.088172043010753
850,IP,2015-12-31,3498000000.0,7000000.0,-174000000.0,24.0,0.0,6243000000.0,27.0,1050000000.0,-131000000.0,449000000.0,15468000000.0,165.0,1187000000.0,3231000000.0,1294000000.0,1821000000.0,1266000000.0,-71000000.0,117000000.0,11980000000.0,3335000000.0,31.0,6897000000.0,466000000.0,0.0,555000000.0,2228000000.0,-198000000.0,-106000000.0,15177000000.0,228000000.0,25000000.0,0.0,-299000000.0,-831000000.0,2580000000.0,-1601000000.0,-1739000000.0,938000000.0,591000000.0,938000000.0,917000000.0,2987000000.0,389000000.0,1995000000.0,9.0,7380000000.0,212000000.0,0.0,-5708000000.0,-14000000.0,-1541000000.0,4346000000.0,8000000.0,1294000000.0,6.0,33.0,4.0,108.0,0.0,4649000000.0,-603000000.0,3219000000.0,426000000.0,0.0,30587000000.0,6477000000.0,3924000000.0,3884000000.0,26703000000.0,30587000000.0,22365000000.0,-1749000000.0,2015.0,2.25,416888888.889,IP,International Paper,reports,Materials,Paper Packaging,"Memphis, Tennessee",,51434,3.907569515962925
855,IRM,2012-12-31,594933000.0,-17964000.0,-20517000.0,15.0,-240683000.0,942199000.0,31.0,277027000.0,0.0,1900000.0,1277113000.0,113.0,43850000.0,495905000.0,323292000.0,539404000.0,296805000.0,2804000.0,0.0,2477727000.0,2334759000.0,57.0,1726842000.0,114304000.0,456120000.0,242599000.0,0.0,0.0,35589000.0,3732116000.0,0.0,12477000.0,0.0,345658000.0,63570000.0,432736000.0,28230000.0,-400200000.0,170922000.0,-11390000.0,170922000.0,182707000.0,582352000.0,0.0,555466000.0,18.0,21791000.0,164713000.0,217133000.0,20314000.0,-39000.0,-159517000.0,62917000.0,-59923000.0,316344000.0,10.0,26.0,6.0,113.0,0.0,185558000.0,2672000.0,850371000.0,92887000.0,0.0,6358339000.0,1024092000.0,904953000.0,1149971000.0,5208368000.0,6358339000.0,3003955000.0,0.0,2012.0,0.99,172648484.848,IRM,Iron Mountain Incorporated,reports,Real Estate,REITs,"Boston, Massachusetts",2009-01-06,1020569,3.2454001013938614
856,IRM,2013-12-31,677794000.0,-33181000.0,-74215000.0,9.0,-287295000.0,980164000.0,16.0,154386000.0,0.0,1914000.0,1288878000.0,96.0,45607000.0,444812000.0,329295000.0,414045000.0,159871000.0,-11312000.0,0.0,2578260000.0,2463352000.0,57.0,1735745000.0,62127000.0,605484000.0,254174000.0,0.0,0.0,19048000.0,4119139000.0,0.0,10496000.0,0.0,232251000.0,-122889000.0,507546000.0,18564000.0,-637687000.0,96462000.0,35640000.0,96462000.0,99161000.0,634420000.0,0.0,489247000.0,16.0,26695000.0,144801000.0,238724000.0,-8660000.0,0.0,-350392000.0,68219000.0,55799000.0,322037000.0,5.0,15.0,3.0,96.0,0.0,67820000.0,-572000.0,924031000.0,52583000.0,0.0,6653005000.0,933607000.0,969101000.0,1041238000.0,5611767000.0,6653005000.0,3024623000.0,0.0,2013.0,0.51,189141176.471,IRM,Iron Mountain Incorporated,reports,Real Estate,REITs,"Boston, Massachusetts",2009-01-06,1020569,3.9560014137017667
857,IRM,2014-12-31,607499000.0,113000.0,-57945000.0,38.0,-361924000.0,1588841000.0,19.0,159793000.0,0.0,2098000.0,1344636000.0,107.0,0.0,158709000.0,361152000.0,484090000.0,223373000.0,-7420000.0,0.0,2550727000.0,2423783000.0,57.0,1773057000.0,-97275000.0,607837000.0,260717000.0,0.0,0.0,-84557000.0,4564359000.0,0.0,13600000.0,0.0,536541000.0,5407000.0,472948000.0,19857000.0,-479978000.0,326119000.0,-183898000.0,326119000.0,328955000.0,618457000.0,0.0,549277000.0,18.0,23199000.0,139469000.0,197142000.0,-75031000.0,0.0,-118054000.0,73506000.0,51392000.0,353143000.0,7.0,26.0,10.0,107.0,0.0,-659553000.0,29520000.0,869572000.0,52095000.0,0.0,6523265000.0,917719000.0,856736000.0,856355000.0,5666910000.0,6523265000.0,3117693000.0,0.0,2014.0,1.67,195280838.323,IRM,Iron Mountain Incorporated,reports,Real Estate,REITs,"Boston, Massachusetts",2009-01-06,1020569,5.329984644218811
858,IRM,2015-12-31,570651000.0,17984000.0,-100740000.0,24.0,-290249000.0,1623863000.0,15.0,128381000.0,0.0,2113000.0,1290025000.0,102.0,0.0,150695000.0,354713000.0,425937000.0,162066000.0,-8015000.0,0.0,2497158000.0,2360978000.0,57.0,1717951000.0,37713000.0,603314000.0,263871000.0,0.0,0.0,-59452000.0,4757610000.0,0.0,19766000.0,0.0,299108000.0,2448000.0,541760000.0,-108511000.0,-422786000.0,123241000.0,105249000.0,123241000.0,125203000.0,586580000.0,0.0,524527000.0,17.0,31225000.0,142951000.0,183112000.0,-174917000.0,0.0,-132537000.0,71844000.0,-1937000.0,345464000.0,5.0,32.0,4.0,102.0,0.0,-942218000.0,12723000.0,844960000.0,88068000.0,0.0,6350587000.0,857912000.0,841831000.0,508841000.0,5841746000.0,6350587000.0,3007976000.0,0.0,2015.0,0.58,212484482.759,IRM,Iron Mountain Incorporated,reports,Real Estate,REITs,"Boston, Massachusetts",2009-01-06,1020569,9.349895153888935
890,JWN,2016-01-30,1740000000.0,-56000000.0,0.0,69.0,-1082000000.0,0.0,20.0,595000000.0,-203000000.0,2539000000.0,9168000000.0,104.0,0.0,540000000.0,497000000.0,1101000000.0,976000000.0,0.0,0.0,3735000000.0,435000000.0,36.0,5269000000.0,376000000.0,0.0,125000000.0,1945000000.0,924000000.0,48000000.0,2795000000.0,0.0,0.0,0.0,-308000000.0,-232000000.0,2451000000.0,-2539000000.0,-144000000.0,600000000.0,238000000.0,600000000.0,600000000.0,196000000.0,0.0,1101000000.0,8.0,514000000.0,278000000.0,1161000000.0,-58000000.0,37000000.0,14000000.0,581000000.0,1327000000.0,0.0,7.0,112.0,4.0,37.0,0.0,-1610000000.0,-1098000000.0,4168000000.0,10000000.0,0.0,7698000000.0,3014000000.0,2911000000.0,871000000.0,6827000000.0,7698000000.0,14437000000.0,0.0,2015.0,3.22,186335403.727,JWN,Nordstrom,reports,Consumer Discretionary,Department Stores,"Seattle, Washington",1986-08-31,72333,3.208955223880597
891,K,2012-12-29,1402000000.0,-65000000.0,24000000.0,40.0,-533000000.0,573000000.0,6.0,281000000.0,-80000000.0,105000000.0,8763000000.0,75.0,0.0,523000000.0,448000000.0,1586000000.0,1325000000.0,-9000000.0,-1000000.0,3782000000.0,5038000000.0,38.0,5434000000.0,363000000.0,2359000000.0,261000000.0,1365000000.0,0.0,344000000.0,6082000000.0,0.0,61000000.0,0.0,994000000.0,-179000000.0,1758000000.0,1317000000.0,-3245000000.0,961000000.0,188000000.0,961000000.0,961000000.0,1454000000.0,0.0,1562000000.0,11.0,610000000.0,280000000.0,1301000000.0,-946000000.0,0.0,-2712000000.0,1576000000.0,-38000000.0,0.0,9.0,55.0,7.0,45.0,0.0,5615000000.0,166000000.0,3872000000.0,1820000000.0,0.0,15169000000.0,3380000000.0,4523000000.0,2404000000.0,12765000000.0,15169000000.0,14197000000.0,-2943000000.0,2012.0,2.68,358582089.552,K,Kellogg Co.,reports,Consumer Staples,Packaged Foods & Meats,"Battle Creek, Michigan",,55067,2.5299500831946755
893,K,2015-01-03,1528000000.0,131000000.0,10000000.0,23.0,-582000000.0,678000000.0,10.0,443000000.0,-30000000.0,105000000.0,9517000000.0,77.0,0.0,726000000.0,503000000.0,1034000000.0,825000000.0,13000000.0,-6000000.0,3769000000.0,4971000000.0,35.0,5063000000.0,186000000.0,2295000000.0,209000000.0,1279000000.0,-6000000.0,153000000.0,5935000000.0,1000000.0,62000000.0,0.0,-102000000.0,170000000.0,1793000000.0,-1063000000.0,-573000000.0,632000000.0,408000000.0,632000000.0,632000000.0,1276000000.0,0.0,1024000000.0,7.0,777000000.0,342000000.0,1401000000.0,-1213000000.0,9000000.0,15000000.0,1277000000.0,-5000000.0,0.0,6.0,30.0,4.0,47.0,0.0,6689000000.0,-473000000.0,4039000000.0,1435000000.0,0.0,15153000000.0,3340000000.0,4364000000.0,2789000000.0,12364000000.0,15153000000.0,14580000000.0,-3470000000.0,2014.0,1.76,359090909.091,K,Kellogg Co.,reports,Consumer Staples,Packaged Foods & Meats,"Battle Creek, Michigan",,55067,2.1280028684116172
894,K,2016-01-02,1907000000.0,-127000000.0,-91000000.0,29.0,-553000000.0,745000000.0,4.0,251000000.0,-42000000.0,105000000.0,8844000000.0,56.0,0.0,685000000.0,534000000.0,1000000000.0,773000000.0,-50000000.0,0.0,3621000000.0,4968000000.0,35.0,4681000000.0,159000000.0,2268000000.0,227000000.0,1250000000.0,-456000000.0,488000000.0,5289000000.0,456000000.0,10000000.0,0.0,21000000.0,-192000000.0,1691000000.0,-706000000.0,-1127000000.0,614000000.0,276000000.0,614000000.0,614000000.0,1344000000.0,0.0,1091000000.0,8.0,716000000.0,391000000.0,1362000000.0,-1376000000.0,0.0,-118000000.0,1414000000.0,-52000000.0,0.0,6.0,36.0,5.0,35.0,0.0,6597000000.0,-470000000.0,3590000000.0,2470000000.0,0.0,15265000000.0,3236000000.0,5739000000.0,2128000000.0,13137000000.0,15265000000.0,13525000000.0,-3943000000.0,2015.0,1.74,352873563.218,K,Kellogg Co.,reports,Consumer Staples,Packaged Foods & Meats,"Battle Creek, Michigan",,55067,2.485432330827068
895,KEY,2013-09-30,83800000.0,2841000.0,-62801000.0,14.0,-10761000.0,846165000.0,,553437000.0,-186349000.0,25000.0,1073447000.0,,0.0,0.0,12784000.0,-35653000.0,-35653000.0,0.0,-113000.0,17000000.0,0.0,17.0,214130000.0,-3489000.0,0.0,0.0,1313818000.0,200913000.0,14945000.0,1512183000.0,44997000.0,0.0,0.0,1811000.0,16664000.0,-174642000.0,1154000.0,190152000.0,-33868000.0,9589000.0,-33868000.0,-32164000.0,30408000.0,0.0,27261000.0,2.0,27129000.0,0.0,0.0,0.0,-657000.0,0.0,150256000.0,5416000.0,12784000.0,3.0,15.0,3.0,,0.0,-605640000.0,0.0,174085000.0,0.0,0.0,1986789000.0,0.0,0.0,240550000.0,1746239000.0,1986789000.0,1287577000.0,0.0,,,,KEY,KeyCorp,reports,Financials,Banks,"Cleveland, Ohio",1994-03-01,91576,6.286356266888381
896,KEY,2014-09-30,106237000.0,-11681000.0,-69108000.0,12.0,-14553000.0,851624000.0,,387095000.0,-230138000.0,27000.0,1200308000.0,,0.0,0.0,13279000.0,-6874000.0,-6874000.0,0.0,6545000.0,18673000.0,0.0,18.0,263459000.0,-41797000.0,0.0,0.0,1561353000.0,-17478000.0,35439000.0,1535433000.0,38341000.0,0.0,0.0,11908000.0,-180305000.0,-160469000.0,12195000.0,-32031000.0,34383000.0,-5411000.0,34383000.0,34923000.0,37298000.0,0.0,55689000.0,4.0,23460000.0,0.0,0.0,-1276000.0,287000.0,0.0,145432000.0,3660000.0,13279000.0,0.0,2.0,2.0,,0.0,-571257000.0,0.0,194491000.0,0.0,0.0,2066220000.0,0.0,0.0,279118000.0,1787102000.0,2066220000.0,1463767000.0,0.0,,,,KEY,KeyCorp,reports,Financials,Banks,"Cleveland, Ohio",1994-03-01,91576,5.501017490810338
897,KEY,2015-09-30,113539000.0,-17757000.0,-30093000.0,55.0,-15964000.0,857553000.0,,290484000.0,-121700000.0,33000.0,1354969000.0,,0.0,0.0,13338000.0,22030000.0,22030000.0,0.0,536000.0,22230000.0,0.0,17.0,272444000.0,-324569000.0,0.0,0.0,1697590000.0,43341000.0,17562000.0,1516367000.0,13734000.0,0.0,0.0,-18699000.0,-72571000.0,-81049000.0,-18899000.0,27377000.0,344094000.0,-315791000.0,344094000.0,346599000.0,378171000.0,0.0,51587000.0,3.0,7086000.0,0.0,0.0,0.0,-200000.0,0.0,148966000.0,-795000.0,13338000.0,1.0,3.0,21.0,,0.0,-227163000.0,0.0,207519000.0,0.0,0.0,2409295000.0,0.0,0.0,630423000.0,1778872000.0,2409295000.0,1627413000.0,0.0,,,,KEY,KeyCorp,reports,Financials,Banks,"Cleveland, Ohio",1994-03-01,91576,2.4053167476440422
898,KEY,2016-09-30,104174000.0,-149000.0,-37753000.0,1.0,-12219000.0,865290000.0,,243276000.0,129028000.0,33000.0,1524907000.0,,0.0,0.0,13794000.0,21703000.0,21703000.0,0.0,131000.0,19138000.0,0.0,16.0,297207000.0,16498000.0,0.0,0.0,1569279000.0,21397000.0,-26486000.0,1331878000.0,10470000.0,0.0,0.0,-197317000.0,-22712000.0,163025000.0,-197539000.0,11802000.0,4693000.0,42489000.0,4693000.0,5205000.0,363473000.0,0.0,59325000.0,3.0,7522000.0,0.0,0.0,0.0,-222000.0,2624000.0,134253000.0,-344000.0,13794000.0,1.0,3.0,0.0,,0.0,-222470000.0,0.0,224088000.0,0.0,0.0,2213158000.0,0.0,0.0,642853000.0,1570305000.0,2213158000.0,1822114000.0,0.0,,,,KEY,KeyCorp,reports,Financials,Banks,"Cleveland, Ohio",1994-03-01,91576,2.0718235739741435
905,KLAC,2015-06-30,103342000.0,-118520000.0,-121200000.0,87.0,-45791000.0,474216000.0,238.0,838025000.0,27500000.0,158000.0,1215229000.0,390.0,78648000.0,47145000.0,80536000.0,540140000.0,434131000.0,-13991000.0,0.0,314591000.0,335263000.0,57.0,1598820000.0,67973000.0,11895000.0,106009000.0,617904000.0,964012000.0,90999000.0,3173435000.0,0.0,0.0,0.0,2308789000.0,207164000.0,605906000.0,-1302972000.0,918221000.0,366158000.0,147330000.0,366158000.0,234489000.0,821747000.0,0.0,661340000.0,24.0,181039000.0,77814000.0,881440000.0,-40573000.0,-30229000.0,0.0,182230000.0,11903000.0,0.0,15.0,103.0,13.0,328.0,530616000.0,-12362000.0,-555880000.0,406864000.0,16981000.0,1549086000.0,4826012000.0,3904576000.0,1001763000.0,421439000.0,4404573000.0,4826012000.0,2814049000.0,0.0,2015.0,2.26,162016814.159,KLAC,KLA-Tencor Corp.,reports,Information Technology,Semiconductor Equipment,"Milpitas, California",,319201,7.529998410208832
906,KLAC,2016-06-30,106517000.0,-8292000.0,20634000.0,102.0,-31741000.0,452818000.0,249.0,1108488000.0,-67579000.0,156000.0,1163391000.0,386.0,302219000.0,56336000.0,66932000.0,981079000.0,858192000.0,2782000.0,0.0,278014000.0,335177000.0,61.0,1821102000.0,153770000.0,4331000.0,122887000.0,698635000.0,169352000.0,-24687000.0,3057936000.0,0.0,0.0,0.0,-135000000.0,270463000.0,759696000.0,-636702000.0,144687000.0,704422000.0,48427000.0,704422000.0,704422000.0,613233000.0,0.0,960445000.0,32.0,174659000.0,64870000.0,895906000.0,-48685000.0,-23942000.0,7076000.0,156623000.0,40473000.0,0.0,29.0,125.0,24.0,316.0,481258000.0,284825000.0,-143413000.0,379399000.0,0.0,1382806000.0,4962432000.0,3868032000.0,1002423000.0,689114000.0,4273318000.0,4962432000.0,2984493000.0,0.0,2016.0,4.52,155845575.221,KLAC,KLA-Tencor Corp.,reports,Information Technology,Semiconductor Equipment,"Milpitas, California",,319201,4.437489297852024
908,KMB,2014-12-31,4900000000.0,0.0,18000000.0,209.0,-1039000000.0,632000000.0,13.0,789000000.0,0.0,536000000.0,13041000000.0,89.0,0.0,587000000.0,862000000.0,2539000000.0,2255000000.0,-447000000.0,146000000.0,7359000000.0,1628000000.0,34.0,6683000000.0,856000000.0,0.0,284000000.0,1892000000.0,-24000000.0,0.0,5702000000.0,257000000.0,270000000.0,0.0,1855000000.0,-265000000.0,2845000000.0,-1893000000.0,-770000000.0,1526000000.0,564000000.0,1526000000.0,1545000000.0,2223000000.0,0.0,2521000000.0,13.0,723000000.0,655000000.0,0.0,-3312000000.0,-180000000.0,293000000.0,2012000000.0,-176000000.0,0.0,11.0,309.0,8.0,59.0,0.0,8470000000.0,-2312000000.0,4162000000.0,1326000000.0,0.0,15526000000.0,5559000000.0,6226000000.0,729000000.0,14797000000.0,15526000000.0,19724000000.0,-5597000000.0,2014.0,4.07,374938574.939,KMB,Kimberly-Clark,reports,Consumer Staples,Household Products,"Irving, Texas",,55785,7.821673525377229
911,KMI,2013-12-31,2825000000.0,-131000000.0,731000000.0,9.0,-3369000000.0,14479000000.0,10.0,598000000.0,-53000000.0,10000000.0,7365000000.0,64.0,2577000000.0,4651000000.0,1845000000.0,3438000000.0,3438000000.0,-21000000.0,392000000.0,35847000000.0,24504000000.0,48.0,6705000000.0,742000000.0,2438000000.0,0.0,430000000.0,-324000000.0,88000000.0,33887000000.0,5951000000.0,15192000000.0,0.0,1150000000.0,-116000000.0,4122000000.0,-1095000000.0,-3122000000.0,1193000000.0,-191000000.0,1193000000.0,2696000000.0,2288000000.0,-98000000.0,3990000000.0,28.0,0.0,552000000.0,944000000.0,-24000000.0,0.0,571000000.0,2287000000.0,-128000000.0,1806000000.0,24.0,26.0,8.0,57.0,0.0,-1372000000.0,1069000000.0,1007000000.0,2306000000.0,0.0,75185000000.0,3868000000.0,6075000000.0,13093000000.0,62092000000.0,75185000000.0,14070000000.0,0.0,2013.0,,,KMI,Kinder Morgan,reports,Energy,Oil & Gas Refining & Marketing & Transportation,"Houston, Texas",2012-05-25,1506307,2.5881768884136562
916,KMX,2014-02-28,632518000.0,-1312104000.0,-1497000.0,15.0,-310317000.0,1038209000.0,101.0,887200000.0,-123611000.0,110843000.0,10925598000.0,302.0,152199000.0,0.0,101911000.0,828156000.0,797322000.0,0.0,0.0,1652977000.0,0.0,13.0,1648701000.0,304736000.0,0.0,30834000.0,1641424000.0,-5246000.0,36868000.0,7340431000.0,7147848000.0,0.0,0.0,1373985000.0,178537000.0,-613163000.0,1128381000.0,-336681000.0,492586000.0,200960000.0,492586000.0,492586000.0,87789000.0,0.0,829653000.0,7.0,110909000.0,26811000.0,0.0,-46271000.0,0.0,-21118000.0,174232000.0,-9773000.0,0.0,6.0,24.0,4.0,114.0,0.0,2214216000.0,-268248000.0,819048000.0,242979000.0,0.0,11707157000.0,2643224000.0,875497000.0,3316997000.0,8390160000.0,11707157000.0,12574299000.0,0.0,2014.0,2.2,223902727.273,KMX,Carmax Inc,reports,Consumer Discretionary,Specialty Stores,"Richmond, Virginia",2010-06-28,1170010,2.2129748685331943
917,KMX,2015-02-28,706671000.0,-1427766000.0,-3292000.0,19.0,-309817000.0,1123520000.0,32.0,321728000.0,-445450000.0,104435000.0,12381189000.0,260.0,175738000.0,0.0,115173000.0,993804000.0,969331000.0,0.0,0.0,1862538000.0,0.0,13.0,1887527000.0,371973000.0,0.0,24473000.0,2086874000.0,-11763000.0,-26086000.0,8818750000.0,8435504000.0,0.0,0.0,1514145000.0,-600295000.0,-968130000.0,728579000.0,-360744000.0,597358000.0,234763000.0,597358000.0,597358000.0,137690000.0,0.0,997096000.0,7.0,133483000.0,44646000.0,0.0,-65391000.0,0.0,-39164000.0,225493000.0,-16122000.0,0.0,7.0,31.0,4.0,51.0,0.0,1994221000.0,-834518000.0,890431000.0,290502000.0,0.0,13198201000.0,2590938000.0,997173000.0,3156785000.0,10041416000.0,13198201000.0,14268716000.0,0.0,2015.0,2.77,215652707.581,KMX,Carmax Inc,reports,Consumer Discretionary,Specialty Stores,"Richmond, Virginia",2010-06-28,1170010,2.793585879304419
918,KMX,2016-02-29,689684000.0,-1197068000.0,-12559000.0,21.0,-315584000.0,1130822000.0,38.0,381223000.0,154845000.0,97356000.0,13130915000.0,246.0,161862000.0,0.0,137360000.0,1046302000.0,1009944000.0,0.0,0.0,2161698000.0,0.0,13.0,2018760000.0,386516000.0,0.0,36358000.0,1932029000.0,-11139000.0,-142294000.0,10342323000.0,9536892000.0,0.0,0.0,1445347000.0,9788000.0,-148893000.0,537476000.0,-378795000.0,623428000.0,259767000.0,623428000.0,623428000.0,132171000.0,0.0,1058861000.0,7.0,149343000.0,26358000.0,0.0,-70196000.0,0.0,-52072000.0,229274000.0,15069000.0,0.0,7.0,35.0,4.0,54.0,0.0,1746804000.0,-936903000.0,959899000.0,315509000.0,0.0,14481576000.0,2471781000.0,1005193000.0,2904786000.0,11576790000.0,14481576000.0,15149675000.0,0.0,2016.0,3.07,203071009.772,KMX,Carmax Inc,reports,Consumer Discretionary,Specialty Stores,"Richmond, Virginia",2010-06-28,1170010,3.5604423182981466
941,LB,2015-01-31,1679000000.0,-9000000.0,7000000.0,5789.0,-715000000.0,427000000.0,100.0,1681000000.0,121000000.0,155000000.0,6646000000.0,191.0,24000000.0,236000000.0,398000000.0,1960000000.0,1636000000.0,-6000000.0,0.0,2277000000.0,1318000000.0,42.0,4808000000.0,594000000.0,411000000.0,324000000.0,1036000000.0,0.0,73000000.0,4722000000.0,0.0,1000000.0,0.0,-213000000.0,162000000.0,1786000000.0,-919000000.0,-699000000.0,1042000000.0,97000000.0,1042000000.0,1042000000.0,252000000.0,0.0,1953000000.0,17.0,247000000.0,230000000.0,0.0,35000000.0,0.0,16000000.0,820000000.0,64000000.0,0.0,14.0,9089.0,9.0,129.0,0.0,233000000.0,-52000000.0,2855000000.0,0.0,0.0,7476000000.0,3199000000.0,1679000000.0,18000000.0,7458000000.0,7476000000.0,11454000000.0,-832000000.0,2014.0,3.57,291876750.7,LB,L Brands Inc.,reports,Consumer Discretionary,Apparel Retail,"Columbus, Ohio",1983-09-30,701985,262.3333333333333
973,LMT,2015-12-31,10155000000.0,-256000000.0,30000000.0,116.0,-939000000.0,0.0,8.0,1090000000.0,-398000000.0,303000000.0,36044000000.0,105.0,6068000000.0,0.0,1026000000.0,4742000000.0,4299000000.0,0.0,0.0,5389000000.0,10695000000.0,11.0,4492000000.0,1173000000.0,4022000000.0,443000000.0,4819000000.0,0.0,876000000.0,14305000000.0,0.0,0.0,0.0,9101000000.0,-356000000.0,5101000000.0,4277000000.0,-9734000000.0,3605000000.0,-205000000.0,3605000000.0,3126000000.0,7254000000.0,0.0,4712000000.0,12.0,8557000000.0,1410000000.0,2807000000.0,-11444000000.0,5000000.0,-8795000000.0,17984000000.0,453000000.0,0.0,11.0,139.0,9.0,70.0,0.0,14238000000.0,-2897000000.0,-220000000.0,956000000.0,0.0,49304000000.0,14573000000.0,13918000000.0,3097000000.0,46207000000.0,49304000000.0,40536000000.0,0.0,2015.0,11.62,310240963.855,LMT,Lockheed Martin Corp.,reports,Industrials,Aerospace & Defense,"Bethesda, Maryland",1984-07-31,936468,4.618986115595738
974,LMT,2016-12-31,10193000000.0,-811000000.0,0.0,351.0,-1063000000.0,0.0,15.0,1837000000.0,-46000000.0,289000000.0,42186000000.0,120.0,6625000000.0,0.0,1215000000.0,5549000000.0,4886000000.0,0.0,0.0,5549000000.0,10764000000.0,11.0,5062000000.0,1133000000.0,4093000000.0,663000000.0,4670000000.0,0.0,843000000.0,14282000000.0,0.0,95000000.0,0.0,-952000000.0,747000000.0,5189000000.0,-3457000000.0,-985000000.0,5302000000.0,-1250000000.0,5302000000.0,3753000000.0,8202000000.0,0.0,5549000000.0,12.0,5667000000.0,399000000.0,2349000000.0,-12102000000.0,1533000000.0,78000000.0,19376000000.0,-64000000.0,0.0,10.0,323.0,11.0,83.0,0.0,13324000000.0,-1990000000.0,-487000000.0,0.0,0.0,47806000000.0,15108000000.0,12542000000.0,1511000000.0,46295000000.0,47806000000.0,47248000000.0,0.0,,,,LMT,Lockheed Martin Corp.,reports,Industrials,Aerospace & Defense,"Bethesda, Maryland",1984-07-31,936468,9.452018530774321
995,LVLT,2012-12-31,1199000000.0,-86000000.0,-216000000.0,36.0,-743000000.0,14000000000.0,55.0,987000000.0,0.0,2000000.0,3851000000.0,102.0,0.0,887000000.0,795000000.0,359000000.0,-374000000.0,1000000.0,0.0,8199000000.0,2565000000.0,40.0,2525000000.0,48000000.0,268000000.0,733000000.0,0.0,0.0,10000000.0,8516000000.0,0.0,0.0,0.0,202000000.0,61000000.0,578000000.0,207000000.0,-725000000.0,-422000000.0,286000000.0,-422000000.0,-582000000.0,714000000.0,0.0,575000000.0,9.0,433000000.0,141000000.0,387000000.0,26000000.0,0.0,18000000.0,931000000.0,-5000000.0,749000000.0,6.0,32.0,7.0,102.0,0.0,-12857000000.0,5000000.0,1201000000.0,216000000.0,0.0,13307000000.0,1842000000.0,1802000000.0,1171000000.0,12136000000.0,13307000000.0,6376000000.0,0.0,2012.0,-1.96,215306122.449,LVLT,Level 3 Communications,reports,Telecommunications Services,Alternative Carriers,"Broomfield, Colorado",2014-11-05,794323,7.2724167378309135
996,LVLT,2013-12-31,994000000.0,30000000.0,-88000000.0,8.0,-760000000.0,14339000000.0,44.0,638000000.0,0.0,2000000.0,3685000000.0,101.0,0.0,906000000.0,836000000.0,578000000.0,-71000000.0,-22000000.0,0.0,8240000000.0,2577000000.0,42.0,2628000000.0,38000000.0,205000000.0,649000000.0,0.0,0.0,-126000000.0,8331000000.0,0.0,0.0,0.0,-294000000.0,-348000000.0,713000000.0,-294000000.0,-745000000.0,-109000000.0,79000000.0,-109000000.0,-193000000.0,673000000.0,0.0,666000000.0,11.0,398000000.0,143000000.0,421000000.0,36000000.0,0.0,15000000.0,780000000.0,3000000.0,800000000.0,1.0,5.0,2.0,101.0,0.0,-12966000000.0,0.0,1162000000.0,31000000.0,0.0,12874000000.0,1454000000.0,1446000000.0,1411000000.0,11463000000.0,12874000000.0,6313000000.0,0.0,2013.0,-0.49,222448979.592,LVLT,Level 3 Communications,reports,Telecommunications Services,Alternative Carriers,"Broomfield, Colorado",2014-11-05,794323,5.904323175053154
1023,MAS,2013-12-31,1680000000.0,-85000000.0,9000000.0,52.0,-126000000.0,16000000.0,73.0,1223000000.0,-24000000.0,349000000.0,4802000000.0,206.0,0.0,397000000.0,205000000.0,621000000.0,386000000.0,-3000000.0,0.0,1252000000.0,1903000000.0,29.0,1959000000.0,86000000.0,149000000.0,235000000.0,765000000.0,17000000.0,147000000.0,3421000000.0,0.0,228000000.0,0.0,-206000000.0,183000000.0,645000000.0,-382000000.0,-77000000.0,288000000.0,78000000.0,288000000.0,300000000.0,1077000000.0,0.0,612000000.0,9.0,185000000.0,403000000.0,0.0,115000000.0,0.0,32000000.0,666000000.0,-5000000.0,0.0,6.0,69.0,4.0,160.0,0.0,79000000.0,-35000000.0,1347000000.0,6000000.0,0.0,6957000000.0,3468000000.0,1686000000.0,559000000.0,6398000000.0,6957000000.0,6761000000.0,0.0,2013.0,0.76,378947368.421,MAS,Masco Corp.,reports,Industrials,Building Products,"Taylor, Michigan",1981-06-30,62996,6.119856887298748
1024,MAS,2014-12-31,1406000000.0,-81000000.0,11000000.0,93.0,-128000000.0,0.0,62.0,1379000000.0,-75000000.0,345000000.0,4946000000.0,164.0,0.0,0.0,182000000.0,732000000.0,507000000.0,-45000000.0,0.0,2187000000.0,840000000.0,29.0,2060000000.0,-361000000.0,142000000.0,225000000.0,712000000.0,43000000.0,63000000.0,2919000000.0,0.0,204000000.0,0.0,-2000000.0,160000000.0,602000000.0,-297000000.0,-100000000.0,856000000.0,-370000000.0,856000000.0,868000000.0,820000000.0,1000000.0,721000000.0,10.0,419000000.0,709000000.0,300000000.0,-111000000.0,0.0,-15000000.0,950000000.0,-20000000.0,0.0,7.0,55.0,12.0,132.0,0.0,690000000.0,-157000000.0,1338000000.0,505000000.0,0.0,7208000000.0,3620000000.0,2211000000.0,924000000.0,6284000000.0,7208000000.0,7006000000.0,0.0,2014.0,2.4,356666666.667,MAS,Masco Corp.,reports,Industrials,Building Products,"Taylor, Michigan",1981-06-30,62996,3.159090909090909
1034,MCD,2015-12-31,2950400000.0,-180600000.0,48500000.0,64.0,-1813900000.0,6533400000.0,260.0,7685500000.0,44900000.0,16600000.0,15623800000.0,327.0,0.0,1704300000.0,1555700000.0,6555700000.0,6555700000.0,-246800000.0,0.0,23117600000.0,2516300000.0,39.0,9789200000.0,2026400000.0,0.0,0.0,100100000.0,0.0,303600000.0,24122100000.0,792700000.0,0.0,0.0,9755200000.0,5607600000.0,6539100000.0,735300000.0,-1420000000.0,4529300000.0,286200000.0,4529300000.0,4529300000.0,1298700000.0,0.0,7145500000.0,28.0,1869100000.0,558700000.0,0.0,-2879800000.0,-58700000.0,393900000.0,2074000000.0,0.0,0.0,26.0,92.0,18.0,323.0,0.0,44594500000.0,-5782000000.0,2643700000.0,0.0,0.0,37938700000.0,9643000000.0,2950400000.0,7087900000.0,30850800000.0,37938700000.0,25413000000.0,-41176800000.0,2015.0,4.82,939688796.68,MCD,McDonald's Corp.,reports,Consumer Discretionary,Restaurants,"Oak Brook, Illinois",1970-06-30,63908,3.4032788272972248
1043,MCO,2012-12-31,555300000.0,-128200000.0,10400000.0,179.0,-45000000.0,365100000.0,152.0,1755400000.0,0.0,3400000.0,795000000.0,217.0,168500000.0,153000000.0,93500000.0,1024000000.0,1024000000.0,19900000.0,0.0,307100000.0,637100000.0,71.0,1935300000.0,324300000.0,226500000.0,0.0,0.0,-1700000.0,82800000.0,1607400000.0,0.0,11400000.0,72300000.0,424800000.0,995400000.0,823100000.0,202600000.0,-50200000.0,690000000.0,84300000.0,690000000.0,690000000.0,660500000.0,12200000.0,1077400000.0,39.0,96000000.0,91900000.0,545800000.0,-82100000.0,-500000.0,-3500000.0,566700000.0,-9000000.0,93500000.0,38.0,266.0,25.0,217.0,0.0,4713300000.0,-79800000.0,752200000.0,63800000.0,17900000.0,3960900000.0,2525700000.0,1164900000.0,385200000.0,3575700000.0,3960900000.0,2730300000.0,-4614500000.0,2012.0,3.09,223300970.874,MCO,Moody's Corp,reports,Financials,Diversified Financial Services,"New York, New York",,1059556,4.172897196261682
1044,MCO,2013-12-31,542900000.0,-67000000.0,26500000.0,239.0,-42300000.0,405800000.0,185.0,1919500000.0,0.0,3400000.0,822400000.0,260.0,148700000.0,168300000.0,93400000.0,1261100000.0,1169300000.0,-2000000.0,0.0,278700000.0,665200000.0,72.0,2150100000.0,353400000.0,221600000.0,91800000.0,0.0,-168900000.0,125000000.0,2101800000.0,0.0,10900000.0,80000000.0,433400000.0,164100000.0,926800000.0,-498800000.0,-261900000.0,804500000.0,-18100000.0,804500000.0,804500000.0,748100000.0,0.0,1234600000.0,42.0,112100000.0,114400000.0,598400000.0,-54600000.0,-300000.0,-50700000.0,555800000.0,-22400000.0,93400000.0,39.0,347.0,27.0,260.0,0.0,5302100000.0,-757100000.0,822100000.0,0.0,186800000.0,4395100000.0,2968800000.0,1141300000.0,337000000.0,4058100000.0,4395100000.0,2972500000.0,-5319700000.0,2013.0,3.67,219209809.264,MCO,Moody's Corp,reports,Financials,Diversified Financial Services,"New York, New York",,1059556,6.2367952522255194
1059,MJN,2012-12-31,1146800000.0,-8500000.0,-4800000.0,3104.0,-124400000.0,-676600000.0,76.0,1042100000.0,109800000.0,2100000.0,1503800000.0,147.0,24500000.0,15900000.0,76900000.0,835300000.0,770300000.0,5400000.0,0.0,689900000.0,270600000.0,61.0,2397500000.0,182000000.0,129900000.0,65000000.0,435900000.0,-6300000.0,-127700000.0,1523200000.0,0.0,10300000.0,36300000.0,108400000.0,201800000.0,692700000.0,-267500000.0,-228800000.0,580400000.0,96600000.0,580400000.0,580400000.0,477000000.0,0.0,840100000.0,22.0,128300000.0,60000000.0,36100000.0,-187000000.0,0.0,-98100000.0,283900000.0,-42700000.0,0.0,20.0,4119.0,15.0,115.0,100100000.0,1124800000.0,-154900000.0,1457300000.0,187000000.0,0.0,3258200000.0,2015000000.0,1369900000.0,18700000.0,3239500000.0,3258200000.0,3901300000.0,-244600000.0,2012.0,2.96,196081081.081,MJN,Mead Johnson,reports,Consumer Staples,Packaged Foods & Meats,"Glenview, Illinois",2009-12-21,1452575,81.45454545454545
1060,MJN,2013-12-31,1227100000.0,-37700000.0,-48500000.0,234.0,-240400000.0,-721500000.0,59.0,1050800000.0,-108200000.0,2100000.0,1528500000.0,119.0,37000000.0,15300000.0,83100000.0,974900000.0,924300000.0,-11700000.0,0.0,867500000.0,196800000.0,64.0,2672200000.0,235100000.0,97500000.0,50600000.0,534800000.0,-2700000.0,78400000.0,1009100000.0,0.0,8700000.0,49700000.0,-186100000.0,8700000.0,806600000.0,-545700000.0,-240500000.0,683800000.0,53400000.0,683800000.0,683800000.0,475600000.0,0.0,1023400000.0,24.0,157200000.0,56900000.0,46600000.0,-69200000.0,-18900000.0,2600000.0,318200000.0,48400000.0,0.0,22.0,317.0,16.0,89.0,100200000.0,1432300000.0,-87100000.0,1548600000.0,507600000.0,0.0,3474100000.0,2118100000.0,1781300000.0,291800000.0,3182300000.0,3474100000.0,4200700000.0,-351900000.0,2013.0,3.2,213687500.0,MJN,Mead Johnson,reports,Consumer Staples,Packaged Foods & Meats,"Glenview, Illinois",2009-12-21,1452575,3.458190541466758
1061,MJN,2014-12-31,1166900000.0,-36500000.0,12300000.0,125.0,-186600000.0,-641300000.0,108.0,1297700000.0,-47000000.0,2100000.0,1700600000.0,193.0,150400000.0,12000000.0,91600000.0,988300000.0,928000000.0,-38600000.0,0.0,912700000.0,162700000.0,61.0,2708700000.0,199200000.0,75400000.0,60300000.0,555500000.0,4000000.0,15800000.0,1492800000.0,0.0,9500000.0,66000000.0,-5400000.0,246900000.0,793400000.0,-325500000.0,-182400000.0,719800000.0,77200000.0,719800000.0,719800000.0,395500000.0,0.0,976000000.0,22.0,131300000.0,82600000.0,34300000.0,-198900000.0,-7900000.0,200000.0,403900000.0,-36500000.0,0.0,21.0,162.0,16.0,147.0,115100000.0,1775000000.0,-54100000.0,1617600000.0,4100000.0,0.0,3763800000.0,2331300000.0,1205300000.0,574300000.0,3189500000.0,3763800000.0,4409300000.0,-362600000.0,2014.0,3.55,202760563.38,MJN,Mead Johnson,reports,Consumer Staples,Packaged Foods & Meats,"Glenview, Illinois",2009-12-21,1452575,2.5993383249172908
1083,MO,2012-12-31,6800000000.0,202000000.0,-874000000.0,132.0,-124000000.0,5688000000.0,35.0,2900000000.0,33000000.0,935000000.0,15055000000.0,76.0,0.0,6652000000.0,225000000.0,7603000000.0,6477000000.0,0.0,1224000000.0,2102000000.0,5174000000.0,39.0,9563000000.0,2294000000.0,12078000000.0,1126000000.0,1746000000.0,0.0,594000000.0,12419000000.0,9218000000.0,2000000.0,34000000.0,187000000.0,-370000000.0,3885000000.0,-5175000000.0,920000000.0,4180000000.0,-1333000000.0,4180000000.0,4530000000.0,1409000000.0,61000000.0,7253000000.0,29.0,442000000.0,260000000.0,0.0,-2040000000.0,-858000000.0,1044000000.0,4795000000.0,-19000000.0,0.0,26.0,204.0,17.0,55.0,0.0,24316000000.0,-1082000000.0,2249000000.0,1459000000.0,0.0,35329000000.0,6315000000.0,8259000000.0,3168000000.0,32161000000.0,35329000000.0,24618000000.0,-25731000000.0,2012.0,2.06,2029126213.59,MO,Altria Group Inc,reports,Consumer Staples,Tobacco,"Richmond, Virginia",,764180,3.920138888888889
1084,MO,2013-12-31,6533000000.0,78000000.0,-1084000000.0,110.0,-131000000.0,5714000000.0,45.0,3175000000.0,-133000000.0,935000000.0,14009000000.0,93.0,0.0,6854000000.0,212000000.0,7991000000.0,6942000000.0,0.0,991000000.0,2028000000.0,5174000000.0,43.0,10457000000.0,2407000000.0,12058000000.0,1049000000.0,1879000000.0,0.0,-719000000.0,13992000000.0,8452000000.0,-1000000.0,35000000.0,620000000.0,275000000.0,4375000000.0,-4702000000.0,602000000.0,4535000000.0,446000000.0,4535000000.0,4442000000.0,1215000000.0,11000000.0,8084000000.0,33.0,557000000.0,321000000.0,0.0,-1378000000.0,-1076000000.0,733000000.0,2802000000.0,-44000000.0,0.0,28.0,169.0,19.0,67.0,0.0,25168000000.0,-634000000.0,2362000000.0,525000000.0,0.0,34859000000.0,6590000000.0,7058000000.0,4119000000.0,30740000000.0,34859000000.0,24466000000.0,-26320000000.0,2013.0,2.26,2006637168.14,MO,Altria Group Inc,reports,Consumer Staples,Tobacco,"Richmond, Virginia",,764180,3.396941005098325
1085,MO,2014-12-31,6673000000.0,-8000000.0,-44000000.0,168.0,-163000000.0,5735000000.0,43.0,3321000000.0,-184000000.0,935000000.0,14362000000.0,90.0,0.0,6088000000.0,208000000.0,8582000000.0,7774000000.0,0.0,1006000000.0,1983000000.0,5285000000.0,41.0,10160000000.0,2704000000.0,12049000000.0,808000000.0,2040000000.0,0.0,4000000.0,13693000000.0,7797000000.0,-4000000.0,35000000.0,174000000.0,146000000.0,4663000000.0,-4694000000.0,177000000.0,5070000000.0,-635000000.0,5070000000.0,6032000000.0,1267000000.0,-1000000.0,7620000000.0,31.0,483000000.0,250000000.0,0.0,-2682000000.0,-37000000.0,340000000.0,3976000000.0,208000000.0,0.0,32.0,258.0,21.0,63.0,0.0,26277000000.0,-939000000.0,2541000000.0,1000000000.0,0.0,34475000000.0,6878000000.0,7673000000.0,3014000000.0,31461000000.0,34475000000.0,24522000000.0,-27251000000.0,2014.0,2.56,1980468750.0,MO,Altria Group Inc,reports,Consumer Staples,Tobacco,"Richmond, Virginia",,764180,4.54313205043132
1086,MO,2015-12-31,7074000000.0,3000000.0,-223000000.0,182.0,-229000000.0,5813000000.0,33.0,2369000000.0,-33000000.0,935000000.0,14320000000.0,86.0,0.0,5663000000.0,225000000.0,8895000000.0,8078000000.0,0.0,757000000.0,1982000000.0,5285000000.0,44.0,11114000000.0,2835000000.0,12028000000.0,817000000.0,2031000000.0,-132000000.0,356000000.0,12915000000.0,6722000000.0,-7000000.0,37000000.0,-1793000000.0,-952000000.0,5810000000.0,-6747000000.0,-15000000.0,5241000000.0,-166000000.0,5241000000.0,5770000000.0,1299000000.0,4000000.0,8361000000.0,33.0,432000000.0,387000000.0,0.0,-3280000000.0,-221000000.0,346000000.0,3969000000.0,182000000.0,0.0,32.0,280.0,21.0,57.0,0.0,27257000000.0,-554000000.0,2749000000.0,4000000.0,0.0,32535000000.0,6086000000.0,7078000000.0,2880000000.0,29655000000.0,32535000000.0,25434000000.0,-27845000000.0,2015.0,2.67,1962921348.31,MO,Altria Group Inc,reports,Consumer Staples,Tobacco,"Richmond, Virginia",,764180,4.484375
1118,MTD,2016-12-31,468211000.0,-52151000.0,-8491000.0,88.0,-123957000.0,730556000.0,27.0,158674000.0,-12431000.0,448000.0,1072670000.0,153.0,33951000.0,64306000.0,68795000.0,532219000.0,504193000.0,-5910000.0,0.0,563707000.0,476378000.0,57.0,1435587000.0,119823000.0,167055000.0,28026000.0,222047000.0,3459000.0,46330000.0,875056000.0,0.0,0.0,0.0,311596000.0,59787000.0,443078000.0,-145925000.0,-231456000.0,384370000.0,7874000.0,384370000.0,384370000.0,454988000.0,6235000.0,540710000.0,22.0,28902000.0,61075000.0,100330000.0,-354998000.0,-471000.0,-110958000.0,204957000.0,291000.0,36052000.0,20.0,116.0,15.0,115.0,119968000.0,3065708000.0,-474521000.0,732622000.0,18974000.0,0.0,2166777000.0,896784000.0,587515000.0,434943000.0,1731834000.0,2166777000.0,2508257000.0,-3006771000.0,,,,MTD,Mettler Toledo,reports,Health Care,Life Sciences Tools & Services,"Columbus, Ohio",2016-09-06,1037646,2.0118866150277164
1204,OKE,2012-12-31,1333489000.0,-14774000.0,26377000.0,17.0,-1866153000.0,1324698000.0,21.0,583618000.0,33343000.0,2458000.0,8540319000.0,98.0,0.0,2294459000.0,335852000.0,1096144000.0,858506000.0,0.0,123024000.0,10114340000.0,0.0,16.0,1643802000.0,180758000.0,996206000.0,237638000.0,517014000.0,35299000.0,12490000.0,6515372000.0,1221405000.0,2102841000.0,0.0,1593381000.0,508806000.0,983995000.0,1339010000.0,-1814199000.0,360619000.0,210771000.0,360619000.0,677748000.0,1397948000.0,0.0,953479000.0,9.0,758664000.0,266080000.0,651480000.0,-216798000.0,6948000.0,16655000.0,0.0,-337217000.0,205334000.0,8.0,40.0,4.0,80.0,0.0,2059024000.0,325556000.0,491725000.0,828025000.0,0.0,15855275000.0,2764660000.0,2812994000.0,2129609000.0,13725666000.0,15855275000.0,10184121000.0,-1039773000.0,2012.0,1.75,206068000.0,OKE,ONEOK,reports,Energy,Oil & Gas Exploration & Production,"Tulsa, Oklahoma",2010-03-15,1039684,3.0594217060502658
1205,OKE,2013-12-31,1273102000.0,-189809000.0,46562000.0,11.0,-2256585000.0,1433600000.0,5.0,145565000.0,99937000.0,2458000.0,10222213000.0,88.0,0.0,1364084000.0,384377000.0,1025816000.0,755170000.0,0.0,110517000.0,9231954000.0,0.0,14.0,1649666000.0,166080000.0,1024562000.0,270646000.0,188286000.0,-363755000.0,111064000.0,7753657000.0,1229838000.0,2507329000.0,0.0,977000000.0,-434305000.0,1294767000.0,912959000.0,-2642031000.0,266533000.0,340656000.0,266533000.0,589090000.0,1109510000.0,0.0,880618000.0,7.0,3850403000.0,961363000.0,882116000.0,-121987000.0,10312000.0,-21691000.0,1048230000.0,-28419000.0,239343000.0,6.0,32.0,2.0,81.0,0.0,2020815000.0,604531000.0,541586000.0,575112000.0,0.0,17741481000.0,2404724000.0,2730330000.0,2337851000.0,15403630000.0,17741481000.0,11871879000.0,-997035000.0,2013.0,1.29,206614728.682,OKE,ONEOK,reports,Energy,Oil & Gas Exploration & Production,"Tulsa, Oklahoma",2010-03-15,1039684,3.3165744951239406
1206,OKE,2014-12-31,996290000.0,381513000.0,-78351000.0,53.0,-1779150000.0,1541583000.0,7.0,172812000.0,160860000.0,2458000.0,10088548000.0,55.0,0.0,1676979000.0,306038000.0,1176036000.0,819873000.0,0.0,117415000.0,11662437000.0,0.0,17.0,2106543000.0,151158000.0,1014740000.0,356163000.0,189967000.0,-793827000.0,-564455000.0,7150142000.0,1132653000.0,3413768000.0,0.0,1123486000.0,23886000.0,1285610000.0,1304499000.0,-2566223000.0,314107000.0,258159000.0,314107000.0,668715000.0,745494000.0,0.0,1143571000.0,9.0,144699000.0,198971000.0,330109000.0,-136353000.0,-60000000.0,6754000.0,36424000.0,80387000.0,294684000.0,7.0,138.0,3.0,47.0,0.0,138128000.0,1132289000.0,674887000.0,1065946000.0,0.0,15261773000.0,1307244000.0,2392345000.0,592115000.0,14669658000.0,15261773000.0,12195091000.0,-953701000.0,2014.0,1.5,209404666.667,OKE,ONEOK,reports,Energy,Oil & Gas Exploration & Production,"Tulsa, Oklahoma",2010-03-15,1039684,12.075596801297046
1207,OKE,2015-12-31,745025000.0,157051000.0,-177167000.0,73.0,-1188312000.0,1378444000.0,6.0,97619000.0,6050000.0,2458000.0,5641052000.0,60.0,0.0,1700963000.0,354620000.0,938663000.0,521876000.0,0.0,125300000.0,12373989000.0,0.0,27.0,2122154000.0,136600000.0,1017258000.0,416787000.0,204780000.0,33915000.0,-223596000.0,8323582000.0,948221000.0,3430538000.0,0.0,757282000.0,-75150000.0,1006980000.0,108589000.0,-1190719000.0,244977000.0,422137000.0,244977000.0,385276000.0,593979000.0,83673000.0,996159000.0,13.0,131433000.0,78832000.0,236251000.0,-127242000.0,0.0,-36322000.0,16964000.0,-88477000.0,354620000.0,7.0,155.0,3.0,47.0,0.0,0.0,396329000.0,693331000.0,656990000.0,0.0,15446111000.0,975210000.0,1638266000.0,335798000.0,15110313000.0,15446111000.0,7763206000.0,-917862000.0,2015.0,1.17,209382051.282,OKE,ONEOK,reports,Energy,Oil & Gas Exploration & Production,"Tulsa, Oklahoma",2010-03-15,1039684,24.78746746555965
1211,OMC,2016-12-31,12012900000.0,0.0,42600000.0,53.0,-165500000.0,798300000.0,22.0,3002200000.0,0.0,44600000.0,12671200000.0,91.0,0.0,480500000.0,277500000.0,2051500000.0,1841800000.0,-75500000.0,5400000.0,674800000.0,8976100000.0,18.0,2745700000.0,600500000.0,427400000.0,209700000.0,1125400000.0,-7300000.0,0.0,4920500000.0,120400000.0,497600000.0,201600000.0,388400000.0,397000000.0,1931200000.0,-977100000.0,-481600000.0,1148600000.0,84000000.0,1148600000.0,1148600000.0,7510800000.0,0.0,2008900000.0,13.0,244700000.0,1063000000.0,1969200000.0,-1356000000.0,-146000000.0,-308800000.0,892300000.0,323000000.0,292900000.0,12.0,85.0,7.0,83.0,0.0,5677200000.0,-648100000.0,443900000.0,28800000.0,20600000.0,23165400000.0,12722000000.0,14010900000.0,2162000000.0,21003400000.0,23165400000.0,15416900000.0,-3002100000.0,,,,OMC,Omnicom Group,reports,Consumer Discretionary,Advertising,"New York, New York",,29989,2.2759019426456986
1228,PBI,2012-12-31,2502037000.0,144097000.0,6844000.0,402.0,-176586000.0,223847000.0,33.0,913276000.0,-599000.0,323338000.0,1582398000.0,112.0,94434000.0,69222000.0,255556000.0,626998000.0,511770000.0,3222000.0,0.0,626569000.0,2136138000.0,59.0,2241315000.0,114287000.0,166214000.0,115228000.0,179678000.0,-8721000.0,72757000.0,3642375000.0,1061035000.0,296370000.0,0.0,-210000000.0,57038000.0,660188000.0,-519640000.0,-86732000.0,445163000.0,-319838000.0,445163000.0,397483000.0,1968378000.0,17176000.0,620154000.0,16.0,563374000.0,114184000.0,0.0,-681213000.0,0.0,98575000.0,864256000.0,44676000.0,0.0,13.0,463.0,12.0,105.0,114250000.0,4744802000.0,9314000.0,1489735000.0,375000000.0,36611000.0,7859891000.0,3212127000.0,2877037000.0,110631000.0,7749260000.0,7859891000.0,3823713000.0,-4500795000.0,2012.0,2.22,200523873.874,PBI,Pitney-Bowes,reports,Industrials,"Technology, Hardware, Software and Supplies","Stamford, Connecticut",,78814,32.92363803997071
1229,PBI,2013-12-31,2227755000.0,182567000.0,-32639000.0,70.0,-137512000.0,196977000.0,42.0,907806000.0,67188000.0,323338000.0,1650622000.0,127.0,73751000.0,39701000.0,211243000.0,493222000.0,383954000.0,-12973000.0,0.0,471317000.0,1734871000.0,56.0,2140713000.0,77967000.0,120387000.0,109268000.0,103580000.0,-3599000.0,-105971000.0,3346295000.0,962363000.0,296370000.0,0.0,-667594000.0,-15055000.0,624824000.0,-868062000.0,241156000.0,142835000.0,84185000.0,142835000.0,305987000.0,1601655000.0,84344000.0,525861000.0,14.0,571807000.0,194043000.0,0.0,-574556000.0,6753000.0,382267000.0,657411000.0,24402000.0,0.0,10.0,187.0,4.0,123.0,110412000.0,4715564000.0,0.0,1420096000.0,0.0,31128000.0,6772708000.0,2838212000.0,2227755000.0,205176000.0,6567532000.0,6772708000.0,3791335000.0,-4456742000.0,2013.0,0.71,201176056.338,PBI,Pitney-Bowes,reports,Industrials,"Technology, Hardware, Software and Supplies","Stamford, Connecticut",,78814,16.309388037587244
1230,PBI,2014-12-31,1990344000.0,164714000.0,-45738000.0,432.0,-180556000.0,178852000.0,48.0,1054118000.0,9104000.0,323338000.0,1680791000.0,119.0,98806000.0,114950000.0,198088000.0,522084000.0,431196000.0,-29082000.0,0.0,485471000.0,1672721000.0,56.0,2140713000.0,112815000.0,82173000.0,90888000.0,84827000.0,-51855000.0,-121855000.0,2927127000.0,819721000.0,296370000.0,0.0,-91325000.0,167330000.0,655526000.0,-311844000.0,-147270000.0,333755000.0,23790000.0,333755000.0,318381000.0,1466163000.0,84560000.0,567822000.0,15.0,577123000.0,109444000.0,0.0,-846156000.0,-530000.0,85141000.0,768773000.0,29555000.0,0.0,11.0,558.0,9.0,116.0,109931000.0,4897708000.0,-50003000.0,1378400000.0,324879000.0,49135000.0,6499702000.0,2763687000.0,2315223000.0,77259000.0,6422443000.0,6499702000.0,3821504000.0,-4477032000.0,2014.0,1.65,202275757.576,PBI,Pitney-Bowes,reports,Industrials,"Technology, Hardware, Software and Supplies","Stamford, Connecticut",,78814,37.88719760804567
1231,PBI,2015-12-31,1817966000.0,82767000.0,94838000.0,228.0,-166329000.0,161280000.0,34.0,650557000.0,-7621000.0,323338000.0,1558591000.0,102.0,70294000.0,205668000.0,173312000.0,698408000.0,610825000.0,-44387000.0,0.0,510750000.0,1745957000.0,56.0,2019469000.0,189778000.0,187378000.0,87583000.0,88824000.0,-67522000.0,-89042000.0,2507912000.0,763054000.0,296370000.0,0.0,-275120000.0,-403561000.0,514639000.0,-570725000.0,-303088000.0,407943000.0,-103651000.0,407943000.0,421047000.0,1399081000.0,25782000.0,603570000.0,17.0,544221000.0,64325000.0,0.0,-888635000.0,4603000.0,-69237000.0,673739000.0,32556000.0,0.0,17.0,342.0,11.0,98.0,110156000.0,5155537000.0,-131719000.0,1279961000.0,461085000.0,117021000.0,6141462000.0,2319808000.0,2279051000.0,178721000.0,5962740000.0,6141461000.0,3578060000.0,-4573305000.0,2015.0,2.04,199972058.824,PBI,Pitney-Bowes,reports,Industrials,"Technology, Hardware, Software and Supplies","Stamford, Connecticut",,78814,14.032553533160625
1254,PEP,2015-12-26,13507000000.0,-461000000.0,59000000.0,45.0,-2758000000.0,4076000000.0,68.0,9096000000.0,-244000000.0,24000000.0,28731000000.0,131.0,0.0,4959000000.0,2416000000.0,8412000000.0,7442000000.0,-221000000.0,0.0,16317000000.0,14177000000.0,54.0,34325000000.0,1941000000.0,13081000000.0,970000000.0,2720000000.0,-400000000.0,1747000000.0,29213000000.0,2311000000.0,107000000.0,-145000000.0,4632000000.0,2962000000.0,10580000000.0,-3828000000.0,-3569000000.0,5452000000.0,1956000000.0,5452000000.0,5452000000.0,6437000000.0,1359000000.0,8353000000.0,13.0,750000000.0,1865000000.0,0.0,-13319000000.0,-52000000.0,-411000000.0,5887000000.0,-335000000.0,75000000.0,12.0,62.0,9.0,116.0,0.0,50472000000.0,-4501000000.0,24538000000.0,4071000000.0,2913000000.0,69667000000.0,23031000000.0,17578000000.0,12068000000.0,57599000000.0,69667000000.0,63056000000.0,-29185000000.0,2015.0,3.71,1469541778.98,PEP,PepsiCo Inc.,reports,Consumer Staples,Soft Drinks,"Purchase, New York",,77476,2.420699370235333
1255,PEP,2016-12-31,14243000000.0,-349000000.0,110000000.0,56.0,-3040000000.0,4091000000.0,76.0,9158000000.0,-75000000.0,24000000.0,28209000000.0,128.0,0.0,5073000000.0,2368000000.0,9895000000.0,8553000000.0,-252000000.0,0.0,16591000000.0,14430000000.0,55.0,34590000000.0,2174000000.0,13433000000.0,1342000000.0,2723000000.0,-4301000000.0,1326000000.0,30053000000.0,1950000000.0,104000000.0,-151000000.0,3746000000.0,62000000.0,10404000000.0,-2942000000.0,-7148000000.0,6329000000.0,811000000.0,6329000000.0,6329000000.0,6694000000.0,0.0,9785000000.0,16.0,636000000.0,1547000000.0,0.0,-13919000000.0,-58000000.0,193000000.0,6669000000.0,-56000000.0,70000000.0,14.0,76.0,10.0,115.0,0.0,52518000000.0,-2542000000.0,24735000000.0,6892000000.0,6967000000.0,74129000000.0,27089000000.0,21135000000.0,11246000000.0,62883000000.0,74129000000.0,62799000000.0,-31468000000.0,,,,PEP,PepsiCo Inc.,reports,Consumer Staples,Soft Drinks,"Purchase, New York",,77476,2.6723279388226926
1327,PX,2015-12-31,935000000.0,1000000.0,0.0,35.0,-1541000000.0,4005000000.0,8.0,147000000.0,-23000000.0,4000000.0,5960000000.0,139.0,0.0,1390000000.0,1106000000.0,2321000000.0,2160000000.0,-61000000.0,43000000.0,10998000000.0,2986000000.0,45.0,4816000000.0,612000000.0,568000000.0,161000000.0,531000000.0,0.0,-55000000.0,8975000000.0,665000000.0,404000000.0,113000000.0,168000000.0,21000000.0,2682000000.0,-1297000000.0,-1303000000.0,1547000000.0,215000000.0,1547000000.0,1547000000.0,1601000000.0,0.0,2321000000.0,22.0,476000000.0,347000000.0,702000000.0,-4596000000.0,0.0,238000000.0,1155000000.0,-109000000.0,1106000000.0,20.0,49.0,14.0,111.0,93000000.0,12229000000.0,-665000000.0,1296000000.0,256000000.0,0.0,18319000000.0,2626000000.0,1893000000.0,4389000000.0,13930000000.0,18319000000.0,10776000000.0,-7253000000.0,2015.0,5.39,287012987.013,PX,Praxair Inc.,reports,Materials,Industrial Gases,"Danbury, Connecticut",1992-07-01,884905,2.044884939621782
1338,R,2013-12-31,971701000.0,-14272000.0,111547000.0,13.0,-2122628000.0,917539000.0,5.0,61562000.0,-841000.0,26667000.0,5099484000.0,86.0,0.0,1429637000.0,1039999000.0,509478000.0,369015000.0,5558000.0,0.0,633826000.0,383719000.0,21.0,1319801000.0,125740000.0,72406000.0,140463000.0,64298000.0,70677000.0,-29992000.0,3929987000.0,460501000.0,0.0,0.0,324182000.0,-4830000.0,1251811000.0,347070000.0,-1603818000.0,237871000.0,42160000.0,237871000.0,243275000.0,777370000.0,-470000.0,397931000.0,6.0,6490837000.0,159263000.0,0.0,-438248000.0,0.0,448133000.0,616305000.0,-23114000.0,0.0,6.0,19.0,4.0,81.0,0.0,1390756000.0,90646000.0,922340000.0,259438000.0,0.0,9103782000.0,1062493000.0,1231139000.0,1896714000.0,7207068000.0,9103782000.0,6419285000.0,0.0,2013.0,4.57,52050547.046,R,Ryder System,reports,Industrials,Industrial Conglomerates,"Miami, Florida",1982-12-31,85961,2.0719976759806698
1339,R,2014-12-31,1074531000.0,-20687000.0,129673000.0,12.0,-2259164000.0,962328000.0,5.0,50092000.0,-2153000.0,26520000.0,5253040000.0,94.0,0.0,1443292000.0,1094312000.0,483006000.0,338267000.0,297000.0,0.0,7901480000.0,393029000.0,21.0,1385734000.0,118042000.0,66619000.0,144739000.0,66007000.0,64267000.0,372000.0,4694335000.0,446099000.0,0.0,0.0,450963000.0,-11470000.0,1382818000.0,311650000.0,-1704510000.0,218341000.0,108673000.0,218341000.0,220225000.0,794864000.0,2387000.0,353333000.0,5.0,0.0,132681000.0,0.0,-620270000.0,0.0,490387000.0,783342000.0,-16040000.0,0.0,5.0,19.0,3.0,88.0,0.0,1450509000.0,-59718000.0,1030014000.0,36284000.0,0.0,9850871000.0,1043644000.0,1110815000.0,1819087000.0,8031784000.0,9850871000.0,6638774000.0,0.0,2013.0,4.14,52739371.9807,R,Ryder System,reports,Industrials,Industrial Conglomerates,"Miami, Florida",1982-12-31,85961,2.580599498539652
1340,R,2015-12-31,1045725000.0,-40323000.0,110009000.0,15.0,-2667978000.0,1006021000.0,4.0,60945000.0,1448000.0,26745000.0,5086449000.0,65.0,0.0,1587522000.0,1192728000.0,619649000.0,469215000.0,37000.0,0.0,8899705000.0,389135000.0,23.0,1485444000.0,163226000.0,55192000.0,150434000.0,63725000.0,70980000.0,-93132000.0,4868097000.0,510246000.0,0.0,0.0,808271000.0,10853000.0,1441788000.0,731485000.0,-2161355000.0,304768000.0,76591000.0,304768000.0,305989000.0,835489000.0,14225000.0,509640000.0,8.0,0.0,138143000.0,0.0,-712735000.0,0.0,435643000.0,829595000.0,-292000.0,0.0,7.0,24.0,5.0,62.0,0.0,1667080000.0,17494000.0,961579000.0,634530000.0,0.0,10952580000.0,1098302000.0,1680255000.0,1987111000.0,8965469000.0,10952580000.0,6571893000.0,0.0,2015.0,5.75,53003130.4348,R,Ryder System,reports,Industrials,Industrial Conglomerates,"Miami, Florida",1982-12-31,85961,2.4498364711382505
1341,R,2016-12-31,952659000.0,-51754000.0,14040000.0,13.0,-1905157000.0,1032549000.0,3.0,58801000.0,-5906000.0,26732000.0,5285568000.0,63.0,0.0,1688681000.0,1255310000.0,554224000.0,406381000.0,-9482000.0,0.0,8893592000.0,386772000.0,22.0,1501416000.0,141741000.0,48249000.0,147843000.0,69529000.0,76510000.0,10365000.0,4599864000.0,472284000.0,0.0,0.0,-71917000.0,-2144000.0,1601022000.0,-185922000.0,-1405833000.0,262477000.0,144741000.0,262477000.0,264640000.0,831947000.0,5074000.0,540184000.0,8.0,0.0,141280000.0,0.0,-834032000.0,0.0,422814000.0,817565000.0,-14211000.0,0.0,6.0,20.0,4.0,59.0,0.0,1827026000.0,-19187000.0,956158000.0,791410000.0,0.0,10902454000.0,1101557000.0,1744069000.0,2052275000.0,8850179000.0,10902454000.0,6786984000.0,0.0,,,,R,Ryder System,reports,Industrials,Industrial Conglomerates,"Miami, Florida",1982-12-31,85961,2.241348747122096
1398,SEE,2013-12-31,1457700000.0,35500000.0,-63400000.0,9.0,-116000000.0,1695300000.0,37.0,992400000.0,22000000.0,22400000.0,5100900000.0,128.0,63100000.0,294600000.0,283400000.0,541200000.0,180200000.0,-20800000.0,0.0,1134500000.0,3114600000.0,34.0,2589900000.0,84900000.0,1016900000.0,361000000.0,730200000.0,-8500000.0,36300000.0,4116400000.0,0.0,1400000.0,0.0,-180000000.0,312800000.0,640400000.0,-319900000.0,-113900000.0,125800000.0,157100000.0,125800000.0,95300000.0,1652000000.0,73800000.0,604600000.0,8.0,387400000.0,84900000.0,960000000.0,-277400000.0,-30100000.0,10600000.0,647900000.0,137800000.0,123200000.0,2.0,13.0,2.0,101.0,0.0,302200000.0,0.0,1788300000.0,283100000.0,0.0,9176000000.0,3459500000.0,2700800000.0,1414900000.0,7761100000.0,9176000000.0,7690800000.0,-327600000.0,2013.0,0.64,196562500.0,SEE,Sealed Air,reports,Materials,Paper Packaging,"Elmwood Park, New Jersey",,1012100,2.909322213583999
1399,SEE,2014-12-31,624200000.0,-27800000.0,-98700000.0,13.0,-153900000.0,1787000000.0,17.0,286400000.0,-48700000.0,22500000.0,5062900000.0,152.0,122900000.0,77100000.0,266700000.0,554900000.0,267200000.0,-37400000.0,0.0,943000000.0,2996900000.0,35.0,2687600000.0,9100000.0,872200000.0,287700000.0,688500000.0,15100000.0,140100000.0,4282000000.0,0.0,0.0,0.0,71100000.0,-703700000.0,-218800000.0,-321200000.0,-126300000.0,155600000.0,343200000.0,258100000.0,155600000.0,1405800000.0,65700000.0,653600000.0,8.0,399600000.0,237900000.0,958700000.0,-613800000.0,-110800000.0,12500000.0,704100000.0,-1150400000.0,118900000.0,3.0,23.0,2.0,112.0,0.0,448500000.0,-184000000.0,1849400000.0,144300000.0,0.0,7953200000.0,2618600000.0,1727200000.0,1162800000.0,6790400000.0,7953200000.0,7750500000.0,-481400000.0,2014.0,1.22,127540983.607,SEE,Sealed Air,reports,Materials,Paper Packaging,"Elmwood Park, New Jersey",,1012100,3.6824905400756793
1400,SEE,2015-12-31,669000000.0,36700000.0,-109800000.0,43.0,-184000000.0,1915000000.0,19.0,351700000.0,-38300000.0,22600000.0,4444900000.0,123.0,204700000.0,75000000.0,213300000.0,653600000.0,425900000.0,-60400000.0,0.0,945700000.0,2909500000.0,37.0,2586600000.0,90500000.0,784300000.0,227700000.0,660800000.0,24000000.0,81400000.0,4266800000.0,0.0,0.0,0.0,211900000.0,73000000.0,982100000.0,-788700000.0,-60000000.0,225400000.0,154100000.0,335400000.0,225400000.0,912600000.0,78300000.0,763400000.0,11.0,345100000.0,290600000.0,843300000.0,-820000000.0,-129200000.0,100000000.0,729000000.0,199500000.0,88700000.0,6.0,81.0,3.0,86.0,0.0,675200000.0,-802000000.0,1656200000.0,294800000.0,0.0,7405000000.0,2215700000.0,1807100000.0,527100000.0,6877900000.0,7405000000.0,7031500000.0,-1265700000.0,2015.0,1.63,138282208.589,SEE,Sealed Air,reports,Materials,Paper Packaging,"Elmwood Park, New Jersey",,1012100,8.094858660595712
1401,SEE,2016-12-31,885700000.0,-33900000.0,-40100000.0,80.0,-275700000.0,1974100000.0,17.0,363700000.0,-17100000.0,22800000.0,4246700000.0,105.0,210500000.0,51000000.0,214000000.0,779000000.0,565900000.0,-39200000.0,0.0,1060300000.0,2855600000.0,37.0,2531600000.0,79500000.0,710100000.0,213100000.0,659900000.0,-46000000.0,228000000.0,3938300000.0,0.0,0.0,0.0,-181300000.0,12000000.0,906900000.0,-540900000.0,-314800000.0,486300000.0,77400000.0,486400000.0,486300000.0,1053200000.0,13200000.0,819100000.0,12.0,337300000.0,138500000.0,812500000.0,-949100000.0,-21000000.0,6900000.0,671200000.0,-47900000.0,94900000.0,8.0,93.0,7.0,73.0,0.0,1040000000.0,-217000000.0,1604400000.0,420700000.0,0.0,7389100000.0,2215300000.0,2118900000.0,609700000.0,6779400000.0,7389100000.0,6778300000.0,-1478100000.0,,,,SEE,Sealed Air,reports,Materials,Paper Packaging,"Elmwood Park, New Jersey",,1012100,6.459406265376415
1405,SHW,2015-12-31,2099243000.0,-56873000.0,-4683000.0,121.0,-234340000.0,0.0,10.0,205744000.0,-40733000.0,115761000.0,5780078000.0,124.0,244882000.0,0.0,198562000.0,1610757000.0,1548966000.0,-13465000.0,0.0,1041862000.0,1143333000.0,49.0,5559226000.0,495117000.0,255371000.0,61791000.0,1018530000.0,-65593000.0,170819000.0,1920196000.0,0.0,0.0,0.0,167288000.0,165012000.0,1447463000.0,-980353000.0,-288633000.0,1053849000.0,177053000.0,1053849000.0,1053849000.0,1202158000.0,0.0,1615440000.0,14.0,447533000.0,232442000.0,0.0,1743331000.0,-42384000.0,11300000.0,861890000.0,-55214000.0,0.0,14.0,178.0,9.0,77.0,0.0,3228876000.0,-945301000.0,3943786000.0,42616000.0,0.0,5791855000.0,2658874000.0,2141859000.0,867910000.0,4923945000.0,5791855000.0,11339304000.0,-4220058000.0,2015.0,11.38,92605360.2812,SHW,Sherwin-Williams,reports,Materials,Specialty Chemicals,"Cleveland, Ohio",1964-06-30,89800,2.2124367733981636
1425,SNI,2015-12-31,310543000.0,-79070000.0,40900000.0,40.0,-52480000.0,1347491000.0,23.0,223444000.0,0.0,1287000.0,987357000.0,177.0,91954000.0,0.0,921052000.0,1229911000.0,1121864000.0,12539000.0,80916000.0,293230000.0,1804748000.0,67.0,2030870000.0,343391000.0,1785563000.0,108047000.0,0.0,19456000.0,116100000.0,3511098000.0,807630000.0,313245000.0,99000000.0,1250764000.0,-654720000.0,814214000.0,-876973000.0,-604500000.0,606828000.0,-908212000.0,606828000.0,687744000.0,816679000.0,0.0,1103932000.0,37.0,161308000.0,687758000.0,96040000.0,-130233000.0,-671702000.0,-571476000.0,250391000.0,-14129000.0,137596000.0,37.0,74.0,20.0,177.0,0.0,305386000.0,-1133148000.0,785179000.0,568066000.0,0.0,6672314000.0,1727881000.0,974649000.0,1523931000.0,5148383000.0,6672314000.0,3018227000.0,0.0,2015.0,4.68,129664102.564,SNI,Scripps Networks Interactive Inc.,reports,Consumer Discretionary,Broadcasting & Cable TV,"Cincinnati, Ohio",2008-07-01,1430602,2.3039743925413947
1430,SPG,2012-12-31,2098916000.0,-4815000.0,500741000.0,29.0,-802427000.0,9175724000.0,,1184518000.0,0.0,31000.0,800380000.0,,1570734000.0,0.0,1301304000.0,2506970000.0,1438789000.0,0.0,130879000.0,25184133000.0,0.0,81.0,3455777000.0,0.0,0.0,1068181000.0,0.0,-3254648000.0,165679000.0,23113007000.0,4125920000.0,982486000.0,178006000.0,2211881000.0,385868000.0,2513072000.0,1453467000.0,-3580671000.0,1719632000.0,-534963000.0,1431159000.0,1563242000.0,521301000.0,10905000.0,2006229000.0,47.0,0.0,0.0,0.0,-90900000.0,0.0,476404000.0,303588000.0,-133765000.0,1068382000.0,34.0,24.0,40.0,,0.0,-3083190000.0,740449000.0,376687000.0,0.0,0.0,32586606000.0,0.0,0.0,5910603000.0,26676003000.0,32586606000.0,4256157000.0,-135781000.0,2012.0,4.72,364328813.559,SPG,Simon Property Group Inc,reports,Real Estate,REITs,"Indianapolis, Indiana",,1063761,3.910431304555559
1431,SPG,2013-12-31,2273380000.0,-13938000.0,53825000.0,27.0,-841209000.0,9217363000.0,,1691006000.0,0.0,31000.0,837946000.0,,1422788000.0,0.0,1332950000.0,2242494000.0,1160413000.0,0.0,206380000.0,22243845000.0,0.0,82.0,3705903000.0,0.0,0.0,1082081000.0,0.0,-380937000.0,42391000.0,22669917000.0,4444260000.0,973226000.0,190485000.0,473173000.0,532345000.0,2700996000.0,-1220563000.0,-948088000.0,1551590000.0,-181984000.0,1316304000.0,1366793000.0,520361000.0,7165000.0,2188669000.0,48.0,3002314000.0,0.0,0.0,-75795000.0,0.0,274058000.0,1368160000.0,-30013000.0,1107700000.0,26.0,20.0,34.0,,0.0,-3218686000.0,6152000.0,402369000.0,0.0,0.0,33324574000.0,0.0,0.0,5849406000.0,27475168000.0,33324574000.0,4543849000.0,-117897000.0,2013.0,4.24,365941037.736,SPG,Simon Property Group Inc,reports,Real Estate,REITs,"Indianapolis, Indiana",,1063761,3.875593008931163
1432,SPG,2014-12-31,2426844000.0,-6730000.0,2650000.0,32.0,-796736000.0,9422237000.0,,612282000.0,0.0,31000.0,882803000.0,,1806789000.0,0.0,1285784000.0,2387992000.0,1395391000.0,0.0,226774000.0,22367785000.0,0.0,82.0,3988015000.0,0.0,0.0,992601000.0,0.0,-276885000.0,-29577000.0,20852993000.0,4165277000.0,858328000.0,25537000.0,-692897000.0,-1104581000.0,2730420000.0,-2937735000.0,-897266000.0,1651526000.0,-105014000.0,1405251000.0,1622165000.0,580197000.0,12001000.0,2385342000.0,49.0,0.0,0.0,0.0,-61041000.0,-161349000.0,176355000.0,275451000.0,-65569000.0,1143827000.0,29.0,27.0,34.0,,0.0,-4208183000.0,-185072000.0,446845000.0,0.0,0.0,29532330000.0,0.0,0.0,5093177000.0,24439153000.0,29532330000.0,4870818000.0,-103929000.0,2014.0,4.52,365381858.407,SPG,Simon Property Group Inc,reports,Real Estate,REITs,"Indianapolis, Indiana",,1063761,4.0942996876016675
1433,SPG,2015-12-31,2692345000.0,9918000.0,109393000.0,48.0,-1020924000.0,9384450000.0,,701134000.0,0.0,31000.0,960192000.0,,1352259000.0,0.0,1239214000.0,2778266000.0,1854569000.0,0.0,284806000.0,23547738000.0,0.0,82.0,4305911000.0,0.0,0.0,923697000.0,0.0,-474811000.0,35542000.0,22502173000.0,4424937000.0,744905000.0,25537000.0,1356647000.0,88852000.0,3024685000.0,-1473113000.0,-1462720000.0,2139375000.0,-276687000.0,1824383000.0,2139375000.0,624605000.0,6635000.0,2668873000.0,51.0,0.0,0.0,0.0,-252686000.0,-120953000.0,33015000.0,214249000.0,-122677000.0,1177568000.0,35.0,41.0,41.0,,0.0,-4266930000.0,-504725000.0,452835000.0,0.0,0.0,30650673000.0,0.0,0.0,4471464000.0,26179209000.0,30650673000.0,5266103000.0,-437134000.0,2015.0,5.88,363839285.714,SPG,Simon Property Group Inc,reports,Real Estate,REITs,"Indianapolis, Indiana",,1063761,5.03239498294071
1436,SPGI,2015-12-31,766000000.0,-118000000.0,11000000.0,596.0,-139000000.0,475000000.0,51.0,1481000000.0,0.0,412000000.0,0.0,113.0,0.0,0.0,157000000.0,1917000000.0,1815000000.0,-67000000.0,0.0,270000000.0,2882000000.0,100.0,5313000000.0,547000000.0,1522000000.0,102000000.0,0.0,-4000000.0,-1665000000.0,3468000000.0,0.0,49000000.0,920000000.0,2817000000.0,-1016000000.0,195000000.0,1510000000.0,-2525000000.0,1156000000.0,531000000.0,1156000000.0,1268000000.0,1100000000.0,0.0,1917000000.0,36.0,213000000.0,709000000.0,1999000000.0,-600000000.0,-5000000.0,-2382000000.0,644000000.0,-107000000.0,157000000.0,34.0,936.0,22.0,113.0,0.0,7636000000.0,-904000000.0,3250000000.0,143000000.0,6000000.0,8183000000.0,3296000000.0,2908000000.0,194000000.0,7989000000.0,8183000000.0,5313000000.0,-7729000000.0,2015.0,4.26,271361502.347,SPGI,"S&P Global, Inc.",reports,Financials,Diversified Financial Services,"New York, New York",,64040,17.876288659793815
1437,SPGI,2016-12-31,743000000.0,-177000000.0,1101000000.0,324.0,-115000000.0,502000000.0,92.0,2392000000.0,0.0,412000000.0,0.0,141.0,0.0,0.0,181000000.0,3369000000.0,3188000000.0,-158000000.0,0.0,271000000.0,2949000000.0,100.0,5661000000.0,960000000.0,1506000000.0,181000000.0,0.0,-1000000.0,-90000000.0,3564000000.0,0.0,51000000.0,1080000000.0,-71000000.0,911000000.0,1464000000.0,-1600000000.0,1205000000.0,2106000000.0,-853000000.0,2106000000.0,2228000000.0,1122000000.0,0.0,3369000000.0,60.0,272000000.0,149000000.0,1868000000.0,-773000000.0,-39000000.0,1321000000.0,713000000.0,175000000.0,181000000.0,56.0,490.0,37.0,141.0,0.0,9210000000.0,-1035000000.0,3212000000.0,0.0,8000000.0,8669000000.0,3671000000.0,2611000000.0,650000000.0,8019000000.0,8669000000.0,5661000000.0,-8701000000.0,,,,SPGI,"S&P Global, Inc.",reports,Financials,Diversified Financial Services,"New York, New York",,64040,5.483076923076923
1461,STX,2016-07-01,2249000000.0,464000000.0,22000000.0,16.0,-587000000.0,5929000000.0,50.0,1125000000.0,145000000.0,0.0,8545000000.0,157.0,616000000.0,0.0,815000000.0,467000000.0,274000000.0,-3000000.0,0.0,2160000000.0,1237000000.0,23.0,2615000000.0,26000000.0,448000000.0,193000000.0,868000000.0,1000000.0,-144000000.0,4130000000.0,0.0,0.0,0.0,-22000000.0,-1354000000.0,1680000000.0,-1820000000.0,-1211000000.0,248000000.0,153000000.0,248000000.0,248000000.0,1318000000.0,175000000.0,445000000.0,4.0,258000000.0,216000000.0,0.0,-25000000.0,-60000000.0,-625000000.0,280000000.0,-1000000.0,123000000.0,2.0,17.0,2.0,118.0,1237000000.0,-4311000000.0,-1011000000.0,635000000.0,0.0,6000000.0,8252000000.0,3533000000.0,2249000000.0,1593000000.0,6659000000.0,8252000000.0,11160000000.0,0.0,2016.0,0.83,298795180.723,STX,Seagate Technology,reports,Information Technology,Computer Storage & Peripherals,"Dublin, Ireland",2012-07-02,1137789,2.5925925925925926
1477,SWN,2015-12-31,679000000.0,203000000.0,300000000.0,200.0,-1798000000.0,3409000000.0,2.0,15000000.0,4000000.0,4000000.0,689000000.0,56.0,0.0,0.0,1145000000.0,-6505000000.0,-6561000000.0,0.0,0.0,7543000000.0,0.0,78.0,2444000000.0,-2005000000.0,0.0,56000000.0,3000000.0,-579000000.0,-97000000.0,4728000000.0,0.0,0.0,0.0,-2243000000.0,-38000000.0,1580000000.0,20000000.0,-1638000000.0,-4556000000.0,4879000000.0,-4662000000.0,-4556000000.0,327000000.0,6950000000.0,-6522000000.0,208.0,174000000.0,48000000.0,24000000.0,-48000000.0,0.0,739000000.0,393000000.0,2000000.0,1091000000.0,209.0,288.0,145.0,55.0,0.0,-1082000000.0,2342000000.0,1208000000.0,4000000.0,0.0,8110000000.0,393000000.0,707000000.0,2282000000.0,5828000000.0,8110000000.0,3133000000.0,-1000000.0,,,,SWN,Southwestern Energy,reports,Energy,Oil & Gas Exploration & Production,"Houston, Texas[6]",2008-06-06,7332,2.0718667835232254
1493,SYY,2016-07-02,4335984000.0,-27311000.0,-111347000.0,27.0,-527346000.0,1281140000.0,88.0,3919300000.0,66937000.0,765175000.0,41326447000.0,227.0,207320000.0,26942000.0,707847000.0,1739153000.0,1433007000.0,-138327000.0,0.0,3880442000.0,2121661000.0,18.0,9040472000.0,483385000.0,207461000.0,306146000.0,2639174000.0,-46049000.0,-119060000.0,7336930000.0,0.0,75386000.0,0.0,-42088000.0,-1210744000.0,1933142000.0,-2404731000.0,-600828000.0,949622000.0,404744000.0,949622000.0,949622000.0,3380971000.0,0.0,1850500000.0,4.0,251021000.0,114454000.0,0.0,-1358118000.0,0.0,-27433000.0,1368482000.0,-49637000.0,0.0,3.0,41.0,2.0,167.0,0.0,9006138000.0,-1666990000.0,0.0,98472000.0,0.0,16721804000.0,10053899000.0,4434456000.0,3479608000.0,13242196000.0,16721804000.0,50366919000.0,-6214727000.0,2016.0,1.66,572061445.783,SYY,Sysco Corp.,reports,Consumer Staples,Food Distributors,"Houston, Texas",1986-12-31,96021,2.1085507333009925
1578,UAL,2012-12-31,7435000000.0,-21000000.0,35000000.0,150.0,-2016000000.0,7145000000.0,52.0,4835000000.0,0.0,3000000.0,17820000000.0,78.0,0.0,4299000000.0,1522000000.0,74000000.0,-724000000.0,0.0,0.0,17292000000.0,4523000000.0,52.0,19332000000.0,-1000000.0,4597000000.0,798000000.0,695000000.0,-245000000.0,354000000.0,11232000000.0,0.0,0.0,0.0,-396000000.0,-1476000000.0,935000000.0,-454000000.0,-1957000000.0,-723000000.0,287000000.0,-723000000.0,-723000000.0,1881000000.0,1323000000.0,39000000.0,0.0,1167000000.0,865000000.0,3449000000.0,-1046000000.0,-4000000.0,304000000.0,8798000000.0,-484000000.0,1522000000.0,2.0,151.0,2.0,73.0,0.0,-5586000000.0,17000000.0,16448000000.0,1934000000.0,1773000000.0,37628000000.0,10049000000.0,12818000000.0,481000000.0,37147000000.0,37628000000.0,37152000000.0,-35000000.0,2012.0,-2.18,331651376.147,UAL,United Continental Holdings,reports,Industrials,Airlines,"Chicago, Illinois",2015-09-03,100517,23.35135135135135
1579,UAL,2013-12-31,7188000000.0,-142000000.0,24000000.0,19.0,-2164000000.0,7425000000.0,43.0,3251000000.0,0.0,4000000.0,17192000000.0,72.0,0.0,4197000000.0,1689000000.0,1273000000.0,539000000.0,0.0,0.0,18047000000.0,4523000000.0,55.0,21087000000.0,-32000000.0,4436000000.0,734000000.0,667000000.0,-120000000.0,-892000000.0,10924000000.0,0.0,0.0,0.0,-896000000.0,-1550000000.0,1444000000.0,-972000000.0,-2022000000.0,571000000.0,54000000.0,571000000.0,571000000.0,2179000000.0,520000000.0,1249000000.0,3.0,1104000000.0,704000000.0,3434000000.0,608000000.0,-2000000.0,262000000.0,6600000000.0,164000000.0,1689000000.0,1.0,18.0,1.0,66.0,0.0,-5015000000.0,29000000.0,17629000000.0,1485000000.0,1901000000.0,36812000000.0,8702000000.0,12107000000.0,2984000000.0,33828000000.0,36812000000.0,38279000000.0,-38000000.0,2013.0,1.64,348170731.707,UAL,United Continental Holdings,reports,Industrials,Airlines,"Chicago, Illinois",2015-09-03,100517,3.660857908847185
1580,UAL,2014-12-31,7401000000.0,209000000.0,-562000000.0,47.0,-2005000000.0,7721000000.0,44.0,3156000000.0,0.0,4000000.0,16611000000.0,60.0,0.0,3879000000.0,1679000000.0,1811000000.0,1128000000.0,0.0,0.0,19467000000.0,4523000000.0,57.0,22290000000.0,-4000000.0,4284000000.0,683000000.0,666000000.0,-457000000.0,155000000.0,10524000000.0,0.0,0.0,0.0,-1198000000.0,-1218000000.0,2634000000.0,-1596000000.0,-2256000000.0,1132000000.0,-507000000.0,1132000000.0,1132000000.0,1146000000.0,443000000.0,2373000000.0,6.0,774000000.0,774000000.0,2990000000.0,-1079000000.0,-42000000.0,206000000.0,7288000000.0,-34000000.0,1679000000.0,3.0,47.0,3.0,55.0,0.0,-3883000000.0,-252000000.0,17795000000.0,2117000000.0,2382000000.0,36595000000.0,7547000000.0,12508000000.0,2396000000.0,34199000000.0,36595000000.0,38901000000.0,-367000000.0,2014.0,3.05,371147540.984,UAL,United Continental Holdings,reports,Industrials,Airlines,"Chicago, Illinois",2015-09-03,100517,4.392320534223706
1606,UPS,2012-12-31,4968000000.0,-124000000.0,24000000.0,17.0,-2153000000.0,0.0,94.0,7327000000.0,0.0,10000000.0,13574000000.0,186.0,684000000.0,48000000.0,1858000000.0,1367000000.0,974000000.0,229000000.0,0.0,17894000000.0,2173000000.0,75.0,40553000000.0,167000000.0,603000000.0,393000000.0,0.0,729000000.0,246000000.0,11089000000.0,842000000.0,80000000.0,0.0,1729000000.0,4293000000.0,7216000000.0,-1817000000.0,-1335000000.0,807000000.0,4538000000.0,807000000.0,807000000.0,6694000000.0,0.0,1343000000.0,2.0,1076000000.0,973000000.0,1641000000.0,-3276000000.0,-96000000.0,89000000.0,14603000000.0,-109000000.0,1858000000.0,2.0,21.0,1.0,186.0,0.0,7997000000.0,-1320000000.0,37352000000.0,1781000000.0,597000000.0,38863000000.0,15591000000.0,8390000000.0,4653000000.0,34210000000.0,38863000000.0,54127000000.0,-78000000.0,2012.0,0.84,960714285.714,UPS,United Parcel Service,reports,Industrials,Air Freight & Logistics,"Atlanta, Georgia",,1090727,2.3831936385127874
1608,UPS,2014-12-31,5783000000.0,-523000000.0,22000000.0,142.0,-2328000000.0,0.0,38.0,2291000000.0,0.0,9000000.0,14758000000.0,130.0,1219000000.0,78000000.0,1923000000.0,4990000000.0,4637000000.0,-138000000.0,0.0,18281000000.0,2184000000.0,75.0,43474000000.0,1605000000.0,847000000.0,353000000.0,0.0,-375000000.0,699000000.0,9856000000.0,489000000.0,17000000.0,0.0,-169000000.0,-2374000000.0,5726000000.0,-5161000000.0,-2801000000.0,3032000000.0,449000000.0,3032000000.0,3032000000.0,6661000000.0,0.0,4968000000.0,9.0,1202000000.0,1274000000.0,1367000000.0,-3535000000.0,-205000000.0,-98000000.0,14727000000.0,146000000.0,1923000000.0,8.0,217.0,5.0,130.0,0.0,5726000000.0,-2421000000.0,36583000000.0,1471000000.0,992000000.0,35440000000.0,11218000000.0,8621000000.0,2141000000.0,33299000000.0,35440000000.0,58232000000.0,-59000000.0,2014.0,3.31,916012084.592,UPS,United Parcel Service,reports,Industrials,Air Freight & Logistics,"Atlanta, Georgia",,1090727,4.603456328818309
1609,UPS,2015-12-31,5497000000.0,-452000000.0,15000000.0,196.0,-2379000000.0,0.0,44.0,2730000000.0,0.0,9000000.0,12947000000.0,123.0,255000000.0,115000000.0,2084000000.0,7683000000.0,7342000000.0,-117000000.0,0.0,18352000000.0,3419000000.0,78.0,45416000000.0,2498000000.0,1549000000.0,341000000.0,0.0,-1022000000.0,-216000000.0,11316000000.0,473000000.0,21000000.0,0.0,3588000000.0,439000000.0,7430000000.0,-1565000000.0,-5309000000.0,4844000000.0,809000000.0,4844000000.0,4844000000.0,7134000000.0,0.0,7668000000.0,13.0,1055000000.0,1348000000.0,1464000000.0,-3489000000.0,-175000000.0,-1908000000.0,13693000000.0,361000000.0,2084000000.0,13.0,297.0,8.0,123.0,0.0,6001000000.0,-2453000000.0,35664000000.0,3735000000.0,1996000000.0,38311000000.0,13208000000.0,10696000000.0,2470000000.0,35841000000.0,38311000000.0,58363000000.0,-51000000.0,2015.0,5.38,900371747.212,UPS,United Parcel Service,reports,Industrials,Air Freight & Logistics,"Atlanta, Georgia",,1090727,4.581376518218623
1634,VIAB,2013-09-30,1390000000.0,-423000000.0,106000000.0,46.0,-160000000.0,9490000000.0,63.0,2403000000.0,-4063000000.0,0.0,6799000000.0,177.0,0.0,649000000.0,4608000000.0,3983000000.0,3519000000.0,-34000000.0,41000000.0,4985000000.0,11079000000.0,51.0,6995000000.0,1070000000.0,279000000.0,464000000.0,770000000.0,0.0,-31000000.0,11867000000.0,0.0,-3000000.0,200000000.0,3732000000.0,1555000000.0,3083000000.0,-1159000000.0,-335000000.0,2395000000.0,545000000.0,2395000000.0,2449000000.0,2987000000.0,93000000.0,3836000000.0,28.0,760000000.0,566000000.0,2382000000.0,-101000000.0,-172000000.0,-175000000.0,2133000000.0,41000000.0,237000000.0,26.0,68.0,17.0,157.0,0.0,11629000000.0,-4261000000.0,2829000000.0,18000000.0,0.0,23829000000.0,6726000000.0,3790000000.0,5193000000.0,18636000000.0,23829000000.0,13794000000.0,-15825000000.0,2013.0,4.93,485801217.039,VIAB,Viacom Inc.,reports,Consumer Discretionary,Broadcasting & Cable TV,"New York, New York",,1339947,2.2851916040824185
1635,VIAB,2014-09-30,1444000000.0,-106000000.0,-22000000.0,64.0,-123000000.0,9772000000.0,25.0,1000000000.0,-4245000000.0,0.0,6542000000.0,133.0,0.0,266000000.0,4423000000.0,4129000000.0,3514000000.0,-45000000.0,69000000.0,4913000000.0,11535000000.0,53.0,7241000000.0,1050000000.0,399000000.0,615000000.0,846000000.0,0.0,252000000.0,12681000000.0,0.0,28000000.0,216000000.0,884000000.0,-1403000000.0,2597000000.0,-3100000000.0,-855000000.0,2391000000.0,-163000000.0,2391000000.0,2464000000.0,3066000000.0,43000000.0,4082000000.0,30.0,948000000.0,340000000.0,2473000000.0,-293000000.0,-171000000.0,-732000000.0,2202000000.0,-27000000.0,217000000.0,25.0,94.0,17.0,112.0,0.0,13465000000.0,-3356000000.0,2899000000.0,18000000.0,0.0,23047000000.0,5252000000.0,3935000000.0,3719000000.0,19328000000.0,23047000000.0,13783000000.0,-19225000000.0,2014.0,5.53,432368896.926,VIAB,Viacom Inc.,reports,Consumer Discretionary,Broadcasting & Cable TV,"New York, New York",,1339947,3.4097875773057273
1636,VIAB,2015-09-30,1254000000.0,124000000.0,-54000000.0,54.0,-142000000.0,10017000000.0,13.0,506000000.0,-4826000000.0,0.0,6868000000.0,119.0,0.0,150000000.0,5147000000.0,3160000000.0,2503000000.0,-73000000.0,102000000.0,4563000000.0,11456000000.0,48.0,6400000000.0,501000000.0,340000000.0,657000000.0,786000000.0,0.0,-9000000.0,12267000000.0,0.0,61000000.0,219000000.0,-410000000.0,-494000000.0,2313000000.0,-2477000000.0,-257000000.0,1922000000.0,-76000000.0,1922000000.0,2002000000.0,2807000000.0,206000000.0,3112000000.0,23.0,1206000000.0,479000000.0,2581000000.0,-534000000.0,-144000000.0,-115000000.0,2055000000.0,-49000000.0,222000000.0,19.0,71.0,14.0,98.0,0.0,14780000000.0,-1402000000.0,2860000000.0,18000000.0,0.0,22143000000.0,4578000000.0,3853000000.0,3538000000.0,18605000000.0,22143000000.0,13268000000.0,-20725000000.0,2015.0,4.78,402092050.209,VIAB,Viacom Inc.,reports,Consumer Discretionary,Broadcasting & Cable TV,"New York, New York",,1339947,3.4672131147540983
1637,VIAB,2016-09-30,1226000000.0,149000000.0,-7000000.0,34.0,-172000000.0,10139000000.0,10.0,379000000.0,-5102000000.0,0.0,6684000000.0,123.0,0.0,381000000.0,4789000000.0,2606000000.0,1990000000.0,-26000000.0,87000000.0,4964000000.0,11400000000.0,46.0,5804000000.0,519000000.0,315000000.0,616000000.0,844000000.0,0.0,-229000000.0,11896000000.0,0.0,53000000.0,211000000.0,-368000000.0,-127000000.0,1371000000.0,-1173000000.0,-299000000.0,1438000000.0,332000000.0,1438000000.0,1471000000.0,2712000000.0,206000000.0,2526000000.0,20.0,1307000000.0,587000000.0,2429000000.0,-692000000.0,-81000000.0,-127000000.0,2018000000.0,-41000000.0,221000000.0,16.0,47.0,12.0,100.0,0.0,15628000000.0,-89000000.0,2851000000.0,17000000.0,0.0,22508000000.0,4522000000.0,3672000000.0,4277000000.0,18231000000.0,22508000000.0,12488000000.0,-20798000000.0,2016.0,3.63,396143250.689,VIAB,Viacom Inc.,reports,Consumer Discretionary,Broadcasting & Cable TV,"New York, New York",,1339947,2.7813888239420153
1650,VRSK,2012-12-31,189382000.0,-6425000.0,106000.0,129.0,-74373000.0,1044746000.0,16.0,89819000.0,0.0,137000.0,516708000.0,67.0,0.0,133761000.0,106536000.0,572334000.0,499826000.0,15000.0,0.0,154084000.0,1247459000.0,63.0,891140000.0,182363000.0,520935000.0,72508000.0,0.0,-2102000.0,-87940000.0,1266162000.0,0.0,0.0,0.0,357224000.0,-101784000.0,468229000.0,313555000.0,-883583000.0,329142000.0,42390000.0,329142000.0,317463000.0,234802000.0,0.0,572228000.0,41.0,47299000.0,61055000.0,200705000.0,-89643000.0,-6549000.0,-807108000.0,119472000.0,84526000.0,98844000.0,36.0,196.0,23.0,67.0,0.0,905727000.0,-93887000.0,220068000.0,195263000.0,4883000.0,2360336000.0,390559000.0,585350000.0,255591000.0,2104745000.0,2360336000.0,1407848000.0,-1605376000.0,2012.0,1.98,166233333.333,VRSK,Verisk Analytics,reports,Industrials,Research & Consulting Services,"Jersey City, New Jersey",2015-10-08,1442145,4.953859877695224
1651,VRSK,2013-12-31,190701000.0,2106000.0,609000.0,64.0,-145976000.0,1202106000.0,39.0,165801000.0,0.0,137000.0,622523000.0,110.0,0.0,198604000.0,137291000.0,614876000.0,538740000.0,-840000.0,0.0,319318000.0,1181681000.0,61.0,973180000.0,196426000.0,447618000.0,76136000.0,0.0,1614000.0,8007000.0,1271439000.0,0.0,0.0,0.0,-190000000.0,75982000.0,506920000.0,-284472000.0,-145626000.0,348380000.0,-26587000.0,348380000.0,342314000.0,230970000.0,0.0,614267000.0,38.0,80989000.0,74163000.0,236030000.0,-43794000.0,-6770000.0,-1264000.0,55640000.0,37723000.0,129931000.0,34.0,98.0,22.0,110.0,0.0,1254107000.0,-197043000.0,228982000.0,4448000.0,3911000.0,2504451000.0,474845000.0,431179000.0,547589000.0,1956862000.0,2504451000.0,1595703000.0,-1864967000.0,2013.0,2.07,168299516.908,VRSK,Verisk Analytics,reports,Industrials,Research & Consulting Services,"Jersey City, New Jersey",2015-10-08,1442145,2.3218855747650156
1652,VRSK,2014-12-31,182620000.0,-54515000.0,158000.0,190.0,-146818000.0,1171196000.0,6.0,39359000.0,0.0,137000.0,716598000.0,50.0,0.0,202540000.0,146121000.0,660604000.0,590620000.0,-1286000.0,0.0,302273000.0,1207146000.0,59.0,1030128000.0,219755000.0,406476000.0,69984000.0,0.0,146480000.0,18945000.0,1100874000.0,0.0,0.0,0.0,160000000.0,-126442000.0,489452000.0,-579078000.0,-35530000.0,400042000.0,-25276000.0,400042000.0,370865000.0,290952000.0,0.0,660446000.0,38.0,44952000.0,50371000.0,252592000.0,-80675000.0,-7343000.0,-35192000.0,59603000.0,4135000.0,142376000.0,34.0,280.0,23.0,50.0,0.0,1654149000.0,-753836000.0,227306000.0,336058000.0,3801000.0,2345330000.0,384483000.0,771270000.0,211043000.0,2134287000.0,2345330000.0,1746726000.0,-2533764000.0,2014.0,2.41,165992531.12,VRSK,Verisk Analytics,reports,Industrials,Research & Consulting Services,"Jersey City, New Jersey",2015-10-08,1442145,5.216349274792341
1667,VZ,2013-12-31,16453000000.0,-843000000.0,-166000000.0,30.0,-16604000000.0,37939000000.0,200.0,53528000000.0,56000000.0,297000000.0,44887000000.0,262.0,0.0,28639000000.0,16606000000.0,31944000000.0,29277000000.0,0.0,142000000.0,88956000000.0,24634000000.0,63.0,75663000000.0,5730000000.0,81547000000.0,2667000000.0,1020000000.0,0.0,925000000.0,89658000000.0,3432000000.0,56580000000.0,0.0,40861000000.0,50435000000.0,38818000000.0,26450000000.0,-14833000000.0,11497000000.0,1624000000.0,11497000000.0,11639000000.0,12439000000.0,0.0,31968000000.0,27.0,4535000000.0,3406000000.0,6664000000.0,2779000000.0,-5257000000.0,1771000000.0,33335000000.0,-3097000000.0,16606000000.0,24.0,75.0,10.0,259.0,0.0,1782000000.0,-68000000.0,27089000000.0,3933000000.0,601000000.0,274098000000.0,70994000000.0,27050000000.0,38836000000.0,235262000000.0,274098000000.0,120550000000.0,-3961000000.0,2013.0,4.01,2867082294.26,VZ,Verizon Communications,reports,Telecommunications Services,Integrated Telecommunications Services,"New York, New York",1983-11-30,732712,2.308631166958492
1668,VZ,2014-12-31,16680000000.0,-2745000000.0,-1194000000.0,78.0,-17191000000.0,11155000000.0,40.0,10598000000.0,-132000000.0,424000000.0,49931000000.0,105.0,0.0,41563000000.0,16533000000.0,20185000000.0,15270000000.0,0.0,1780000000.0,89947000000.0,24639000000.0,61.0,77148000000.0,3314000000.0,81069000000.0,4915000000.0,1153000000.0,0.0,1412000000.0,110536000000.0,802000000.0,1378000000.0,0.0,12823000000.0,-42930000000.0,30631000000.0,-57705000000.0,-15856000000.0,9625000000.0,7390000000.0,9625000000.0,11405000000.0,13993000000.0,0.0,19599000000.0,15.0,6660000000.0,3200000000.0,8572000000.0,1535000000.0,-3873000000.0,1335000000.0,38854000000.0,-3783000000.0,16533000000.0,12.0,124.0,8.0,101.0,0.0,2447000000.0,-58852000000.0,41016000000.0,2735000000.0,555000000.0,232616000000.0,29499000000.0,27987000000.0,12298000000.0,220318000000.0,232616000000.0,127079000000.0,-3263000000.0,2014.0,2.42,3977272727.27,VZ,Verizon Communications,reports,Telecommunications Services,Integrated Telecommunications Services,"New York, New York",1983-11-30,732712,8.988128150918849
1669,VZ,2015-12-31,19362000000.0,-945000000.0,186000000.0,109.0,-17775000000.0,11196000000.0,14.0,4470000000.0,-99000000.0,424000000.0,52557000000.0,64.0,0.0,45484000000.0,16017000000.0,33160000000.0,28240000000.0,0.0,-86000000.0,93808000000.0,25331000000.0,60.0,79063000000.0,9865000000.0,94913000000.0,4920000000.0,1252000000.0,0.0,2545000000.0,103705000000.0,796000000.0,1414000000.0,0.0,-3017000000.0,-6128000000.0,38930000000.0,-15015000000.0,-30043000000.0,17879000000.0,3506000000.0,17879000000.0,17793000000.0,13457000000.0,0.0,33060000000.0,25.0,7512000000.0,2751000000.0,9201000000.0,978000000.0,1634000000.0,-12268000000.0,42557000000.0,-469000000.0,16017000000.0,21.0,172.0,14.0,60.0,0.0,11246000000.0,-5094000000.0,29986000000.0,6489000000.0,350000000.0,244640000000.0,22280000000.0,35052000000.0,16428000000.0,228212000000.0,244640000000.0,131620000000.0,-7416000000.0,2015.0,4.38,4081963470.32,VZ,Verizon Communications,reports,Telecommunications Services,Integrated Telecommunications Services,"New York, New York",1983-11-30,732712,6.312697832968103
1702,WMB,2012-12-31,1548000000.0,27000000.0,75000000.0,18.0,-2529000000.0,11134000000.0,54.0,839000000.0,5000000.0,716000000.0,4523000000.0,124.0,0.0,2841000000.0,792000000.0,1798000000.0,1289000000.0,0.0,111000000.0,15467000000.0,649000000.0,40.0,2963000000.0,360000000.0,1704000000.0,509000000.0,175000000.0,-4621000000.0,-110000000.0,10735000000.0,3987000000.0,2675000000.0,0.0,2001000000.0,-50000000.0,1835000000.0,5036000000.0,-6921000000.0,859000000.0,10000000.0,859000000.0,929000000.0,805000000.0,0.0,1612000000.0,22.0,596000000.0,105000000.0,0.0,-362000000.0,42000000.0,229000000.0,1775000000.0,46000000.0,756000000.0,17.0,27.0,11.0,113.0,0.0,-5695000000.0,4122000000.0,595000000.0,1000000.0,0.0,24327000000.0,1924000000.0,1549000000.0,4752000000.0,19575000000.0,24327000000.0,7486000000.0,-1041000000.0,2012.0,1.39,617985611.511,WMB,Williams Cos.,reports,Energy,Oil & Gas Exploration & Production,"Tulsa, Oklahoma",1975-03-31,107263,2.2590488215488214
1703,WMB,2013-12-31,1757000000.0,35000000.0,81000000.0,9.0,-3572000000.0,11599000000.0,34.0,681000000.0,-17000000.0,718000000.0,4124000000.0,85.0,0.0,3529000000.0,852000000.0,1590000000.0,1080000000.0,0.0,134000000.0,18210000000.0,646000000.0,40.0,2736000000.0,401000000.0,1644000000.0,510000000.0,194000000.0,-461000000.0,140000000.0,11353000000.0,4360000000.0,4057000000.0,0.0,827000000.0,-158000000.0,2217000000.0,1677000000.0,-4052000000.0,430000000.0,453000000.0,430000000.0,679000000.0,701000000.0,0.0,1375000000.0,20.0,599000000.0,107000000.0,0.0,-164000000.0,17000000.0,-19000000.0,1356000000.0,86000000.0,815000000.0,16.0,22.0,6.0,75.0,0.0,-6248000000.0,2304000000.0,546000000.0,226000000.0,0.0,27142000000.0,1683000000.0,1983000000.0,4864000000.0,22278000000.0,27142000000.0,6860000000.0,-1041000000.0,2013.0,0.63,682539682.54,WMB,Williams Cos.,reports,Energy,Oil & Gas Exploration & Production,"Tulsa, Oklahoma",1975-03-31,107263,2.3340871710526314
1704,WMB,2014-12-31,1765000000.0,-276000000.0,74000000.0,24.0,-4031000000.0,14925000000.0,9.0,240000000.0,-36000000.0,782000000.0,4508000000.0,74.0,0.0,4712000000.0,1229000000.0,4331000000.0,3584000000.0,0.0,2688000000.0,28081000000.0,1120000000.0,41.0,3129000000.0,1249000000.0,10453000000.0,747000000.0,231000000.0,-6440000000.0,-211000000.0,20780000000.0,8400000000.0,11395000000.0,0.0,6025000000.0,-441000000.0,2115000000.0,7601000000.0,-10157000000.0,2114000000.0,-1213000000.0,2114000000.0,2335000000.0,1206000000.0,0.0,1569000000.0,21.0,511000000.0,213000000.0,0.0,-341000000.0,17000000.0,314000000.0,2224000000.0,283000000.0,1176000000.0,47.0,41.0,28.0,65.0,0.0,-5548000000.0,3811000000.0,384000000.0,802000000.0,0.0,50455000000.0,1890000000.0,2567000000.0,8777000000.0,41678000000.0,50455000000.0,7637000000.0,-1041000000.0,2014.0,2.94,719047619.048,WMB,Williams Cos.,reports,Energy,Oil & Gas Exploration & Production,"Tulsa, Oklahoma",1975-03-31,107263,2.3675515552010937
1705,WMB,2015-12-31,1822000000.0,39000000.0,129000000.0,9.0,-3167000000.0,14807000000.0,4.0,100000000.0,105000000.0,784000000.0,3434000000.0,61.0,0.0,4218000000.0,1820000000.0,-669000000.0,-1713000000.0,0.0,-1024000000.0,29579000000.0,47000000.0,53.0,3926000000.0,-399000000.0,9970000000.0,1044000000.0,127000000.0,-707000000.0,-64000000.0,23812000000.0,7336000000.0,10077000000.0,0.0,2915000000.0,-140000000.0,2678000000.0,481000000.0,-3299000000.0,-571000000.0,2335000000.0,-571000000.0,-1314000000.0,1083000000.0,1098000000.0,226000000.0,3.0,561000000.0,217000000.0,0.0,-442000000.0,395000000.0,575000000.0,2268000000.0,-243000000.0,1738000000.0,23.0,28.0,8.0,56.0,0.0,-7960000000.0,197000000.0,864000000.0,675000000.0,0.0,49020000000.0,1527000000.0,2497000000.0,6148000000.0,42872000000.0,49020000000.0,7360000000.0,-1041000000.0,2015.0,-0.76,751315789.474,WMB,Williams Cos.,reports,Energy,Oil & Gas Exploration & Production,"Tulsa, Oklahoma",1975-03-31,107263,3.8731294729993495
1721,WYN,2012-12-31,1004000000.0,-322000000.0,-100000000.0,21.0,-208000000.0,3820000000.0,10.0,195000000.0,95000000.0,2000000.0,2093000000.0,97.0,0.0,1348000000.0,185000000.0,760000000.0,628000000.0,-1000000.0,0.0,1990000000.0,1566000000.0,54.0,2441000000.0,229000000.0,1189000000.0,132000000.0,379000000.0,-56000000.0,11000000.0,4018000000.0,2571000000.0,1000000.0,0.0,330000000.0,53000000.0,1004000000.0,-431000000.0,-519000000.0,400000000.0,616000000.0,400000000.0,292000000.0,917000000.0,7000000.0,852000000.0,19.0,281000000.0,375000000.0,383000000.0,151000000.0,-22000000.0,-255000000.0,235000000.0,20000000.0,185000000.0,14.0,33.0,9.0,77.0,0.0,558000000.0,-618000000.0,1389000000.0,544000000.0,0.0,9463000000.0,1866000000.0,1931000000.0,1930000000.0,7533000000.0,9463000000.0,4534000000.0,-2601000000.0,2012.0,2.8,142857142.857,WYN,Wyndham Worldwide,reports,Consumer Discretionary,"Hotels, Resorts & Cruise Lines","Parsippany, New Jersey",,1361658,2.0818652849740933
1722,WYN,2013-12-31,1106000000.0,-318000000.0,-104000000.0,27.0,-238000000.0,3858000000.0,11.0,194000000.0,32000000.0,2000000.0,2394000000.0,108.0,0.0,1365000000.0,216000000.0,814000000.0,683000000.0,-3000000.0,0.0,2232000000.0,1590000000.0,52.0,2615000000.0,250000000.0,1152000000.0,131000000.0,346000000.0,-68000000.0,85000000.0,4608000000.0,2448000000.0,2000000.0,0.0,87000000.0,-1000000.0,1008000000.0,-605000000.0,-401000000.0,432000000.0,591000000.0,432000000.0,321000000.0,918000000.0,10000000.0,910000000.0,18.0,379000000.0,482000000.0,451000000.0,122000000.0,65000000.0,-95000000.0,353000000.0,-31000000.0,216000000.0,14.0,42.0,9.0,89.0,0.0,832000000.0,-593000000.0,1471000000.0,233000000.0,0.0,9741000000.0,1940000000.0,1790000000.0,1623000000.0,8118000000.0,9741000000.0,5009000000.0,-3191000000.0,2013.0,3.25,132923076.923,WYN,Wyndham Worldwide,reports,Consumer Discretionary,"Hotels, Resorts & Cruise Lines","Parsippany, New Jersey",,1361658,2.8391866913123844
1723,WYN,2014-12-31,1134000000.0,-250000000.0,-18000000.0,42.0,-235000000.0,3889000000.0,10.0,183000000.0,-17000000.0,2000000.0,2504000000.0,100.0,0.0,1401000000.0,233000000.0,958000000.0,845000000.0,-18000000.0,0.0,2360000000.0,1551000000.0,53.0,2777000000.0,316000000.0,1114000000.0,113000000.0,302000000.0,-20000000.0,122000000.0,4792000000.0,2406000000.0,2000000.0,0.0,188000000.0,-11000000.0,984000000.0,-701000000.0,-276000000.0,529000000.0,388000000.0,529000000.0,529000000.0,915000000.0,11000000.0,941000000.0,18.0,381000000.0,467000000.0,464000000.0,24000000.0,-80000000.0,-21000000.0,370000000.0,-21000000.0,233000000.0,16.0,67.0,10.0,84.0,0.0,1183000000.0,-645000000.0,1557000000.0,261000000.0,0.0,9679000000.0,1867000000.0,1859000000.0,1255000000.0,8424000000.0,9679000000.0,5281000000.0,-3843000000.0,2014.0,4.22,125355450.237,WYN,Wyndham Worldwide,reports,Consumer Discretionary,"Hotels, Resorts & Cruise Lines","Parsippany, New Jersey",,1361658,3.8183266932270916
1724,WYN,2015-12-31,1221000000.0,-341000000.0,19000000.0,64.0,-222000000.0,3923000000.0,9.0,171000000.0,-25000000.0,2000000.0,2700000000.0,96.0,0.0,1450000000.0,234000000.0,1041000000.0,916000000.0,-26000000.0,0.0,2363000000.0,1563000000.0,51.0,2836000000.0,304000000.0,1123000000.0,125000000.0,295000000.0,-17000000.0,130000000.0,4955000000.0,2438000000.0,3000000.0,0.0,171000000.0,-12000000.0,991000000.0,-675000000.0,-302000000.0,612000000.0,358000000.0,612000000.0,612000000.0,984000000.0,6000000.0,1015000000.0,18.0,360000000.0,419000000.0,483000000.0,-74000000.0,18000000.0,-63000000.0,401000000.0,23000000.0,234000000.0,17.0,96.0,11.0,80.0,0.0,1592000000.0,-658000000.0,1574000000.0,253000000.0,0.0,9716000000.0,1869000000.0,1957000000.0,950000000.0,8766000000.0,9716000000.0,5536000000.0,-4493000000.0,2015.0,5.18,118146718.147,WYN,Wyndham Worldwide,reports,Consumer Discretionary,"Hotels, Resorts & Cruise Lines","Parsippany, New Jersey",,1361658,5.21578947368421
1768,YUM,2015-12-26,2165000000.0,-54000000.0,0.0,142.0,-973000000.0,0.0,27.0,840000000.0,58000000.0,0.0,9359000000.0,55.0,676000000.0,0.0,747000000.0,1921000000.0,1787000000.0,-6000000.0,0.0,4189000000.0,656000000.0,29.0,3746000000.0,489000000.0,271000000.0,134000000.0,229000000.0,0.0,148000000.0,3054000000.0,61000000.0,58000000.0,6000000.0,631000000.0,159000000.0,2139000000.0,-1292000000.0,-682000000.0,1293000000.0,-111000000.0,1293000000.0,1293000000.0,377000000.0,79000000.0,1921000000.0,15.0,534000000.0,242000000.0,0.0,-239000000.0,-55000000.0,291000000.0,958000000.0,53000000.0,0.0,14.0,196.0,10.0,47.0,0.0,1150000000.0,-1188000000.0,1746000000.0,923000000.0,0.0,8075000000.0,1688000000.0,3088000000.0,911000000.0,7164000000.0,8075000000.0,13105000000.0,0.0,2015.0,2.97,435353535.354,YUM,Yum! Brands Inc,reports,Consumer Discretionary,Restaurants,"Louisville, Kentucky",1997-10-06,1041061,3.352360043907794
1777,ZTS,2013-12-31,1381000000.0,-99000000.0,9000000.0,54.0,-184000000.0,878000000.0,43.0,610000000.0,-178000000.0,5000000.0,1669000000.0,237.0,63000000.0,322000000.0,209000000.0,803000000.0,690000000.0,-9000000.0,0.0,1295000000.0,982000000.0,63.0,2892000000.0,187000000.0,803000000.0,113000000.0,1293000000.0,0.0,167000000.0,3691000000.0,0.0,22000000.0,0.0,2641000000.0,293000000.0,681000000.0,-200000000.0,-179000000.0,504000000.0,94000000.0,504000000.0,504000000.0,1235000000.0,26000000.0,794000000.0,17.0,58000000.0,219000000.0,19000000.0,-219000000.0,-2743000000.0,5000000.0,168000000.0,-15000000.0,60000000.0,15.0,73.0,11.0,146.0,399000000.0,276000000.0,0.0,1613000000.0,15000000.0,0.0,6558000000.0,3357000000.0,1415000000.0,940000000.0,5618000000.0,6558000000.0,4561000000.0,0.0,2013.0,1.01,499009900.99,ZTS,Zoetis,reports,Health Care,Pharmaceuticals,"Florham Park, New Jersey",2013-06-21,1555280,3.926595744680851
1778,ZTS,2014-12-31,1071000000.0,69000000.0,-7000000.0,44.0,-180000000.0,958000000.0,81.0,882000000.0,-110000000.0,5000000.0,1717000000.0,319.0,54000000.0,277000000.0,204000000.0,937000000.0,820000000.0,-13000000.0,0.0,1318000000.0,976000000.0,64.0,3068000000.0,233000000.0,727000000.0,117000000.0,1289000000.0,0.0,-197000000.0,3681000000.0,0.0,26000000.0,0.0,-8000000.0,272000000.0,626000000.0,-154000000.0,-187000000.0,583000000.0,84000000.0,583000000.0,583000000.0,1089000000.0,25000000.0,944000000.0,20.0,48000000.0,205000000.0,8000000.0,-361000000.0,-2000000.0,-7000000.0,207000000.0,-11000000.0,60000000.0,17.0,63.0,12.0,200.0,396000000.0,709000000.0,2000000.0,1643000000.0,7000000.0,0.0,6588000000.0,3465000000.0,1086000000.0,1311000000.0,5277000000.0,6588000000.0,4785000000.0,0.0,2014.0,1.16,502586206.897,ZTS,Zoetis,reports,Health Care,Pharmaceuticals,"Florham Park, New Jersey",2013-06-21,1555280,2.807780320366133
1779,ZTS,2015-12-31,1313000000.0,-58000000.0,-81000000.0,32.0,-224000000.0,1012000000.0,65.0,1154000000.0,-262000000.0,5000000.0,1738000000.0,215.0,82000000.0,264000000.0,199000000.0,669000000.0,545000000.0,-32000000.0,0.0,1307000000.0,1455000000.0,64.0,3027000000.0,206000000.0,1190000000.0,124000000.0,1467000000.0,0.0,87000000.0,4526000000.0,0.0,23000000.0,0.0,1115000000.0,272000000.0,664000000.0,755000000.0,-1115000000.0,339000000.0,334000000.0,339000000.0,339000000.0,937000000.0,320000000.0,750000000.0,16.0,49000000.0,272000000.0,63000000.0,-622000000.0,0.0,-891000000.0,251000000.0,25000000.0,61000000.0,11.0,51.0,7.0,133.0,364000000.0,876000000.0,-192000000.0,1532000000.0,405000000.0,0.0,7913000000.0,3830000000.0,1781000000.0,1068000000.0,6845000000.0,7913000000.0,4765000000.0,-203000000.0,2015.0,0.68,498529411.765,ZTS,Zoetis,reports,Health Care,Pharmaceuticals,"Florham Park, New Jersey",2013-06-21,1555280,4.237827715355805
1780,ZTS,2016-12-31,1076000000.0,15000000.0,2000000.0,55.0,-216000000.0,1024000000.0,65.0,727000000.0,-101000000.0,5000000.0,1666000000.0,303.0,96000000.0,244000000.0,240000000.0,1394000000.0,1228000000.0,-23000000.0,0.0,1381000000.0,1481000000.0,66.0,3222000000.0,409000000.0,1228000000.0,166000000.0,1502000000.0,0.0,-323000000.0,4541000000.0,0.0,12000000.0,0.0,-405000000.0,-427000000.0,713000000.0,-903000000.0,-214000000.0,821000000.0,93000000.0,821000000.0,821000000.0,913000000.0,5000000.0,1392000000.0,28.0,73000000.0,248000000.0,41000000.0,-598000000.0,-32000000.0,2000000.0,248000000.0,-30000000.0,85000000.0,25.0,83.0,17.0,169.0,376000000.0,1477000000.0,-275000000.0,1364000000.0,0.0,0.0,7649000000.0,3390000000.0,1117000000.0,1487000000.0,6162000000.0,7649000000.0,4888000000.0,-421000000.0,,,,ZTS,Zoetis,reports,Health Care,Pharmaceuticals,"Florham Park, New Jersey",2013-06-21,1555280,3.0537995965030262
