Unnamed: 0,Ticker Symbol,Period Ending,Accounts Payable,Accounts Receivable,Add'l income/expense items,After Tax ROE,Capital Expenditures,Capital Surplus,Cash Ratio,Cash and Cash Equivalents,Changes in Inventories,Common Stocks,Cost of Revenue,Current Ratio,Deferred Asset Charges,Deferred Liability Charges,Depreciation,Earnings Before Interest and Tax,Earnings Before Tax,Effect of Exchange Rate,Equity Earnings/Loss Unconsolidated Subsidiary,Fixed Assets,Goodwill,Gross Margin,Gross Profit,Income Tax,Intangible Assets,Interest Expense,Inventory,Investments,Liabilities,Long-Term Debt,Long-Term Investments,Minority Interest,Misc. Stocks,Net Borrowings,Net Cash Flow,Net Cash Flow-Operating,Net Cash Flows-Financing,Net Cash Flows-Investing,Net Income,Net Income Adjustments,Net Income Applicable to Common Shareholders,Net Income-Cont. Operations,Net Receivables,Non-Recurring Items,Operating Income,Operating Margin,Other Assets,Other Current Assets,Other Current Liabilities,Other Equity,Other Financing Activities,Other Investing Activities,Other Liabilities,Other Operating Activities,Other Operating Items,Pre-Tax Margin,Pre-Tax ROE,Profit Margin,Quick Ratio,Research and Development,Retained Earnings,Sale and Purchase of Stock,"Sales, General and Admin.",Short-Term Debt / Current Portion of Long-Term Debt,Short-Term Investments,Total Assets,Total Current Assets,Total Current Liabilities,Total Equity,Total Liabilities,Total Liabilities & Equity,Total Revenue,Treasury Stock,For Year,Earnings Per Share,Estimated Shares Outstanding,Ticker symbol,Security,SEC filings,GICS Sector,GICS Sub Industry,Address of Headquarters,Date first added,CIK,Debt-to-Equity,Net Income Growth
2,AAL,2014-12-31,4668000000.0,-160000000.0,-150000000.0,143.0,-5311000000.0,15135000000.0,60.0,1768000000.0,0.0,7000000.0,15620000000.0,88.0,0.0,829000000.0,1342000000.0,4099000000.0,3212000000.0,0.0,0.0,23084000000.0,4091000000.0,63.0,27030000000.0,330000000.0,2240000000.0,887000000.0,1004000000.0,1799000000.0,-1026000000.0,16043000000.0,0.0,0.0,0.0,170000000.0,-146000000.0,3080000000.0,-315000000.0,-2911000000.0,2882000000.0,542000000.0,2882000000.0,2882000000.0,1771000000.0,800000000.0,4249000000.0,10.0,2060000000.0,898000000.0,7059000000.0,-4559000000.0,817000000.0,601000000.0,10928000000.0,-500000000.0,1295000000.0,8.0,159.0,7.0,80.0,0.0,-8562000000.0,-1052000000.0,20686000000.0,1677000000.0,6309000000.0,43225000000.0,11750000000.0,13404000000.0,2021000000.0,41204000000.0,43225000000.0,42650000000.0,0.0,2014.0,4.02,716915422.886,AAL,American Airlines Group,reports,Industrials,Airlines,"Fort Worth, Texas",2015-03-23,6201,7.938149430974765,-2.571428571428571
14,ABBV,2014-12-31,6954000000.0,-172000000.0,-651000000.0,102.0,-612000000.0,4194000000.0,74.0,8348000000.0,-203000000.0,16000000.0,4426000000.0,141.0,0.0,159000000.0,786000000.0,2760000000.0,2369000000.0,-577000000.0,0.0,2485000000.0,5862000000.0,78.0,15534000000.0,595000000.0,1513000000.0,391000000.0,1124000000.0,308000000.0,-193000000.0,10538000000.0,92000000.0,0.0,0.0,-5000000.0,-1247000000.0,3549000000.0,-3293000000.0,-926000000.0,1774000000.0,1777000000.0,1774000000.0,1774000000.0,4631000000.0,352000000.0,3411000000.0,17.0,1480000000.0,1952000000.0,0.0,-2031000000.0,-59000000.0,-622000000.0,3681000000.0,-220000000.0,0.0,12.0,136.0,9.0,131.0,3297000000.0,535000000.0,-427000000.0,8474000000.0,4439000000.0,26000000.0,27513000000.0,16081000000.0,11393000000.0,1742000000.0,25771000000.0,27513000000.0,19960000000.0,-972000000.0,2014.0,1.11,1598198198.2,ABBV,AbbVie,reports,Health Care,Pharmaceuticals,"North Chicago, Illinois",2012-12-31,1551152,6.049368541905856,-0.5702519379844961
17,ABC,2014-09-30,17250160000.0,-938286000.0,-28594000.0,14.0,-264457000.0,2749185000.0,10.0,1808513000.0,-1304569000.0,2711000.0,116586761000.0,97.0,0.0,241205000.0,196617000.0,753497000.0,669863000.0,0.0,0.0,899582000.0,0.0,2.0,2982366000.0,388087000.0,3481744000.0,83634000.0,8593852000.0,-117794000.0,2310596000.0,1995632000.0,0.0,0.0,0.0,566402000.0,577507000.0,1464654000.0,-502992000.0,-384155000.0,274230000.0,912505000.0,274230000.0,281776000.0,6312883000.0,0.0,782091000.0,1.0,350652000.0,84957000.0,0.0,-52046000.0,0.0,-1904000.0,88287000.0,21107000.0,188680000.0,1.0,34.0,0.0,48.0,0.0,1570429000.0,-626020000.0,2011595000.0,0.0,0.0,21532183000.0,16800205000.0,17250160000.0,1956899000.0,19575284000.0,21532183000.0,119569127000.0,-2313380000.0,2014.0,1.22,224778688.525,ABC,AmerisourceBergen Corp,reports,Health Care,Health Care Distributors,"Chesterbrook, Pennsylvania",,1140859,1.0197930501267567,-0.3677067697777532
18,ABC,2015-09-30,21578227000.0,-1478793000.0,-44220000.0,22.0,-231585000.0,3736477000.0,10.0,2167442000.0,-1379189000.0,2750000.0,132432490000.0,94.0,0.0,1944240000.0,255988000.0,378000000.0,268964000.0,0.0,0.0,1192510000.0,4144391000.0,3.0,3529313000.0,407129000.0,1993119000.0,109036000.0,9755094000.0,-86214000.0,5122127000.0,3739225000.0,0.0,0.0,0.0,1496390000.0,358929000.0,3922228000.0,-632134000.0,-2931165000.0,-138165000.0,1577391000.0,-138165000.0,-138165000.0,8222951000.0,0.0,422220000.0,0.0,298474000.0,189001000.0,0.0,-136333000.0,0.0,-2613366000.0,84904000.0,-37131000.0,248635000.0,0.0,44.0,0.0,49.0,0.0,1164489000.0,-1665115000.0,2858458000.0,0.0,0.0,27962982000.0,20334488000.0,21578227000.0,616386000.0,27346596000.0,27962982000.0,135961803000.0,-4150997000.0,2015.0,-0.62,222846774.194,ABC,AmerisourceBergen Corp,reports,Health Care,Health Care Distributors,"Chesterbrook, Pennsylvania",,1140859,6.066369125839977,-1.5038289027458702
19,ABC,2016-09-30,24670159000.0,-912724000.0,5048000.0,67.0,-464616000.0,4333001000.0,11.0,2741832000.0,-1107252000.0,2778000.0,142577080000.0,90.0,0.0,2214774000.0,392166000.0,1530822000.0,1390910000.0,0.0,0.0,1530682000.0,5991497000.0,3.0,4272606000.0,-37019000.0,2967849000.0,139912000.0,10723920000.0,40712000.0,3094340000.0,3870244000.0,0.0,0.0,0.0,713214000.0,574390000.0,3178497000.0,565072000.0,-3169179000.0,1427929000.0,330197000.0,1427929000.0,1427929000.0,9175876000.0,0.0,1525774000.0,1.0,314325000.0,210219000.0,0.0,-114308000.0,0.0,-2745275000.0,160470000.0,-46159000.0,364735000.0,1.0,65.0,1.0,48.0,0.0,2303941000.0,168903000.0,2382097000.0,611149000.0,0.0,33656200000.0,22851847000.0,25281308000.0,2129404000.0,31526796000.0,33656200000.0,146849686000.0,-4396008000.0,2016.0,6.73,212173699.851,ABC,AmerisourceBergen Corp,reports,Health Care,Health Care Distributors,"Chesterbrook, Pennsylvania",,1140859,1.8175245279899916,-11.334954583288097
21,ABT,2013-12-31,5948000000.0,-113000000.0,53000000.0,10.0,-1145000000.0,0.0,85.0,3475000000.0,-154000000.0,12048000000.0,9193000000.0,202.0,2109000000.0,0.0,1719000000.0,2186000000.0,2041000000.0,-26000000.0,0.0,5971000000.0,9772000000.0,53.0,10464000000.0,53000000.0,5735000000.0,145000000.0,2693000000.0,-2225000000.0,-1101000000.0,3388000000.0,119000000.0,96000000.0,0.0,1792000000.0,-7327000000.0,3324000000.0,-6696000000.0,-3929000000.0,2576000000.0,266000000.0,2576000000.0,1988000000.0,6514000000.0,0.0,2133000000.0,11.0,0.0,1942000000.0,386000000.0,-2012000000.0,-6396000000.0,-559000000.0,4791000000.0,131000000.0,588000000.0,10.0,8.0,13.0,174.0,1371000000.0,21979000000.0,-1210000000.0,6372000000.0,3173000000.0,4623000000.0,42953000000.0,19247000000.0,9507000000.0,25171000000.0,17782000000.0,42953000000.0,19657000000.0,-6844000000.0,2013.0,1.64,1570731707.32,ABT,Abbott Laboratories,reports,Health Care,Health Care Equipment,"North Chicago, Illinois",1964-03-31,1800,0.1345993405109054,-0.5680026832131477
42,ADSK,2015-01-31,499300000.0,-17300000.0,0.0,4.0,-75500000.0,0.0,145.0,1410600000.0,0.0,1773100000.0,342100000.0,191.0,100000000.0,256300000.0,145900000.0,120700000.0,83000000.0,-5000000.0,0.0,159200000.0,1456200000.0,86.0,2170100000.0,1200000.0,86500000.0,37700000.0,0.0,-196100000.0,376000000.0,743100000.0,273000000.0,0.0,0.0,0.0,-442400000.0,708100000.0,-239900000.0,-905600000.0,81800000.0,165600000.0,81800000.0,81800000.0,544000000.0,3100000.0,120700000.0,5.0,163500000.0,100900000.0,900800000.0,-53300000.0,-43400000.0,-634000000.0,291000000.0,-43900000.0,39800000.0,3.0,4.0,3.0,191.0,725200000.0,499400000.0,-197000000.0,1281300000.0,0.0,615800000.0,4909700000.0,2671300000.0,1400100000.0,2219200000.0,2690500000.0,4909700000.0,2512200000.0,0.0,2015.0,0.36,227222222.222,ADSK,Autodesk Inc,reports,Information Technology,Application Software,"San Rafael, California",1989-12-01,769397,0.33485039653929344,-0.6424825174825175
43,ADSK,2016-01-31,522100000.0,-195500000.0,0.0,20.0,-72400000.0,0.0,141.0,1353000000.0,0.0,1821500000.0,370700000.0,188.0,9200000.0,518000000.0,145800000.0,1300000.0,-20300000.0,-5300000.0,0.0,169300000.0,1535000000.0,85.0,2133400000.0,310200000.0,70800000.0,21600000.0,0.0,-544100000.0,385400000.0,1487700000.0,532300000.0,0.0,0.0,748300000.0,-57600000.0,414000000.0,343200000.0,-809500000.0,-330500000.0,408100000.0,-330500000.0,-330500000.0,653600000.0,0.0,1300000.0,0.0,205600000.0,88600000.0,1068900000.0,-121100000.0,-57900000.0,-193000000.0,299000000.0,700000.0,33200000.0,1.0,1.0,13.0,188.0,790000000.0,-80800000.0,-347200000.0,1308900000.0,0.0,897900000.0,5515300000.0,2993100000.0,1591000000.0,1619600000.0,3895700000.0,5515300000.0,2504100000.0,0.0,2016.0,-1.46,226369863.014,ADSK,Autodesk Inc,reports,Information Technology,Application Software,"San Rafael, California",1989-12-01,769397,0.9185601383057546,-5.040342298288508
45,AEE,2013-12-31,947000000.0,-60000000.0,43000000.0,5.0,-1379000000.0,5632000000.0,1.0,30000000.0,60000000.0,2000000.0,3490000000.0,80.0,0.0,3851000000.0,761000000.0,1227000000.0,829000000.0,0.0,0.0,16205000000.0,411000000.0,40.0,2348000000.0,311000000.0,0.0,398000000.0,526000000.0,-17000000.0,-156000000.0,5504000000.0,494000000.0,142000000.0,0.0,247000000.0,-179000000.0,1693000000.0,-149000000.0,-1723000000.0,295000000.0,703000000.0,295000000.0,518000000.0,1010000000.0,0.0,1184000000.0,20.0,1960000000.0,406000000.0,612000000.0,3000000.0,-2000000.0,-327000000.0,2540000000.0,90000000.0,706000000.0,14.0,13.0,5.0,59.0,0.0,907000000.0,-2000000.0,458000000.0,902000000.0,0.0,21042000000.0,1972000000.0,2461000000.0,6544000000.0,14498000000.0,21042000000.0,5838000000.0,0.0,2013.0,1.19,247899159.664,AEE,Ameren Corp,reports,Utilities,MultiUtilities,"St. Louis, Missouri",1991-09-19,1002910,0.8410757946210269,-1.3028747433264887
59,AIG,2015-12-31,0.0,1455000000.0,-767000000.0,2.0,0.0,81510000000.0,,1629000000.0,0.0,4766000000.0,36581000000.0,,31509000000.0,0.0,4629000000.0,4562000000.0,3281000000.0,-39000000.0,0.0,0.0,0.0,37.0,21746000000.0,1059000000.0,0.0,1281000000.0,0.0,8514000000.0,548000000.0,29350000000.0,330845000000.0,552000000.0,0.0,-2938000000.0,-129000000.0,2877000000.0,-11429000000.0,8462000000.0,2196000000.0,153000000.0,2196000000.0,2222000000.0,31864000000.0,0.0,3281000000.0,6.0,90964000000.0,0.0,0.0,2537000000.0,3228000000.0,-52000000.0,377383000000.0,-6130000000.0,0.0,6.0,4.0,4.0,,0.0,30943000000.0,-10691000000.0,16417000000.0,0.0,10132000000.0,496943000000.0,0.0,0.0,89658000000.0,407285000000.0,496943000000.0,58327000000.0,-30098000000.0,2015.0,1.69,1299408284.02,AIG,"American International Group, Inc.",reports,Financials,Property & Casualty Insurance,"New York, New York",1980-03-31,5272,0.3273550603404046,-0.7083277991765174
66,AIZ,2015-12-31,2182538000.0,-93895000.0,0.0,3.0,-114896000.0,3148409000.0,,1288305000.0,-27269000.0,1497000.0,8666624000.0,,3150934000.0,0.0,124117000.0,256297000.0,201181000.0,-56231000.0,0.0,298414000.0,833512000.0,16.0,1658870000.0,59626000.0,277163000.0,55116000.0,0.0,236527000.0,294043000.0,1391801000.0,12615565000.0,0.0,0.0,0.0,-30351000.0,254572000.0,-487127000.0,264293000.0,141555000.0,-15593000.0,141555000.0,141555000.0,8755296000.0,0.0,201181000.0,2.0,2308263000.0,0.0,0.0,118549000.0,-100053000.0,142662000.0,22070824000.0,-168386000.0,1402573000.0,2.0,4.0,1.0,,0.0,4856674000.0,-292906000.0,0.0,0.0,508950000.0,30036402000.0,0.0,0.0,4523967000.0,25512435000.0,30036402000.0,10325494000.0,-3601162000.0,2015.0,2.08,68055288.4615,AIZ,Assurant Inc,reports,Financials,Multi-line Insurance,"New York, New York",2007-04-10,1267238,0.30765056420614917,-0.6993992444367996
78,ALB,2014-12-31,428790000.0,36221000.0,-16761000.0,10.0,-110576000.0,10447000.0,218.0,2489768000.0,-6486000.0,780000.0,1674700000.0,294.0,0.0,56884000.0,103572000.0,254537000.0,213179000.0,-43276000.0,35742000.0,1231868000.0,243262000.0,32.0,770848000.0,18484000.0,44125000.0,41358000.0,358361000.0,-40275000.0,21616000.0,2223035000.0,194042000.0,129170000.0,0.0,1882180000.0,2012529000.0,492609000.0,1609329000.0,-46133000.0,133316000.0,164228000.0,133316000.0,230437000.0,434635000.0,56105000.0,271298000.0,11.0,160956000.0,66086000.0,0.0,-62413000.0,-3284000.0,104718000.0,314663000.0,12552000.0,0.0,9.0,16.0,5.0,262.0,88310000.0,1410651000.0,-147287000.0,355135000.0,711096000.0,0.0,5223103000.0,3348850000.0,1139886000.0,1359465000.0,3863638000.0,5223103000.0,2445548000.0,0.0,2014.0,1.69,78885207.1006,ALB,Albemarle Corp,reports,Materials,Specialty Chemicals,"Baton Rouge, Louisiana",2016-07-01,915913,1.6352278285943367,-0.6773345660755474
94,ALXN,2015-12-31,460000000.0,-116000000.0,9000000.0,2.0,-286000000.0,7727000000.0,195.0,1010000000.0,-88000000.0,0.0,233000000.0,341.0,0.0,529000000.0,167000000.0,546000000.0,498000000.0,-9000000.0,0.0,697000000.0,5048000000.0,91.0,2371000000.0,354000000.0,4708000000.0,48000000.0,290000000.0,635000000.0,-154000000.0,3405000000.0,0.0,0.0,0.0,3425000000.0,66000000.0,675000000.0,2985000000.0,-3585000000.0,144000000.0,779000000.0,144000000.0,144000000.0,533000000.0,81000000.0,537000000.0,21.0,228000000.0,208000000.0,83000000.0,62000000.0,-55000000.0,-3934000000.0,195000000.0,-57000000.0,117000000.0,19.0,6.0,6.0,300.0,709000000.0,1181000000.0,-250000000.0,927000000.0,166000000.0,375000000.0,13097000000.0,2416000000.0,709000000.0,8259000000.0,4838000000.0,13097000000.0,2604000000.0,-711000000.0,2015.0,0.68,211764705.882,ALXN,Alexion Pharmaceuticals,reports,Health Care,Biotechnology,"Cheshire, Connecticut",2012-05-25,899866,0.4122775154377043,-0.7808219178082192
121,AMZN,2014-12-31,26266000000.0,-1039000000.0,-79000000.0,2.0,-4893000000.0,11135000000.0,62.0,14557000000.0,-1193000000.0,5000000.0,62752000000.0,112.0,0.0,0.0,4746000000.0,99000000.0,-111000000.0,-310000000.0,37000000.0,16967000000.0,3319000000.0,29.0,26236000000.0,167000000.0,0.0,210000000.0,8299000000.0,807000000.0,6898000000.0,8265000000.0,0.0,0.0,0.0,4426000000.0,5899000000.0,6842000000.0,4432000000.0,-5065000000.0,-241000000.0,1363000000.0,-241000000.0,-241000000.0,5612000000.0,0.0,178000000.0,0.0,2892000000.0,0.0,1823000000.0,-511000000.0,0.0,-979000000.0,7410000000.0,-3692000000.0,0.0,0.0,1.0,0.0,82.0,0.0,1949000000.0,0.0,26058000000.0,0.0,2859000000.0,54505000000.0,31327000000.0,28089000000.0,10741000000.0,43764000000.0,54505000000.0,88988000000.0,-1837000000.0,2014.0,-0.52,463461538.462,AMZN,Amazon.com Inc,reports,Consumer Discretionary,Internet & Direct Marketing Retail,"Seattle, Washington",2005-11-18,1018724,0.7694814263103994,-1.8795620437956204
122,AMZN,2015-12-31,30769000000.0,-1755000000.0,-206000000.0,4.0,-4589000000.0,13394000000.0,58.0,15890000000.0,-2187000000.0,5000000.0,71651000000.0,105.0,0.0,0.0,6281000000.0,2027000000.0,1568000000.0,-374000000.0,-22000000.0,21838000000.0,3759000000.0,33.0,35355000000.0,950000000.0,0.0,459000000.0,10243000000.0,-1066000000.0,12608000000.0,8227000000.0,0.0,0.0,0.0,-3882000000.0,1333000000.0,11920000000.0,-3763000000.0,-6450000000.0,596000000.0,2486000000.0,596000000.0,596000000.0,5654000000.0,0.0,2233000000.0,2.0,3445000000.0,0.0,3118000000.0,-723000000.0,0.0,-795000000.0,9249000000.0,-6109000000.0,0.0,1.0,12.0,1.0,75.0,0.0,2545000000.0,0.0,33122000000.0,0.0,3918000000.0,64747000000.0,35705000000.0,33887000000.0,13384000000.0,51363000000.0,64747000000.0,107006000000.0,-1837000000.0,2015.0,1.28,465625000.0,AMZN,Amazon.com Inc,reports,Consumer Discretionary,Internet & Direct Marketing Retail,"Seattle, Washington",2005-11-18,1018724,0.6146891811117753,-3.4730290456431536
138,APA,2014-12-31,1210000000.0,757000000.0,110000000.0,20.0,-11378000000.0,12438000000.0,21.0,769000000.0,-31000000.0,256000000.0,2511000000.0,175.0,1461000000.0,9499000000.0,9874000000.0,-2598000000.0,-2809000000.0,0.0,0.0,48076000000.0,0.0,80.0,10180000000.0,663000000.0,0.0,211000000.0,708000000.0,1262000000.0,-681000000.0,11245000000.0,0.0,2200000000.0,0.0,1568000000.0,-1137000000.0,8461000000.0,-794000000.0,-8804000000.0,-5060000000.0,3886000000.0,-5403000000.0,-3472000000.0,2793000000.0,2073000000.0,-2708000000.0,21.0,0.0,2145000000.0,2454000000.0,-116000000.0,7000000.0,1312000000.0,3407000000.0,-284000000.0,9720000000.0,22.0,11.0,40.0,156.0,0.0,16249000000.0,-1864000000.0,1095000000.0,0.0,0.0,55952000000.0,6415000000.0,3664000000.0,25937000000.0,30015000000.0,55952000000.0,12691000000.0,-2890000000.0,2014.0,-14.06,359886201.991,APA,Apache Corporation,reports,Energy,Oil & Gas Exploration & Production,"Houston, Texas",,6769,0.4335505262752053,-3.2115384615384617
141,APC,2014-12-31,4767000000.0,103000000.0,-4577000000.0,9.0,-9508000000.0,9005000000.0,72.0,7369000000.0,0.0,52000000.0,3317000000.0,103.0,0.0,8527000000.0,4550000000.0,826000000.0,54000000.0,2000000.0,0.0,41589000000.0,0.0,82.0,15153000000.0,1617000000.0,6569000000.0,772000000.0,0.0,-1527000000.0,4457000000.0,15092000000.0,0.0,2593000000.0,0.0,1294000000.0,3671000000.0,8466000000.0,1675000000.0,-6472000000.0,-1750000000.0,990000000.0,-1750000000.0,-1750000000.0,2527000000.0,2475000000.0,5403000000.0,29.0,2310000000.0,603000000.0,5467000000.0,-517000000.0,0.0,4563000000.0,4796000000.0,-71000000.0,4550000000.0,0.0,0.0,9.0,103.0,0.0,12125000000.0,1102000000.0,2725000000.0,0.0,0.0,60967000000.0,10499000000.0,10234000000.0,19725000000.0,41242000000.0,60967000000.0,18470000000.0,-940000000.0,2014.0,-3.47,504322766.571,APC,Anadarko Petroleum Corp,reports,Energy,Oil & Gas Exploration & Production,"The Woodlands, Texas",,773910,0.7651204055766794,-3.184769038701623
143,APC,2016-12-31,3157000000.0,677000000.0,-340000000.0,25.0,-3505000000.0,11875000000.0,96.0,3184000000.0,0.0,57000000.0,2900000000.0,158.0,0.0,4324000000.0,4301000000.0,-2939000000.0,-3829000000.0,-1000000.0,0.0,32168000000.0,0.0,63.0,4969000000.0,-1021000000.0,5904000000.0,890000000.0,0.0,-1740000000.0,-669000000.0,15281000000.0,0.0,3285000000.0,0.0,-1226000000.0,2245000000.0,3000000000.0,2008000000.0,-2762000000.0,-3071000000.0,1415000000.0,-3071000000.0,-3071000000.0,1728000000.0,1173000000.0,-2599000000.0,33.0,2226000000.0,354000000.0,129000000.0,-391000000.0,388000000.0,2483000000.0,7134000000.0,84000000.0,4301000000.0,49.0,31.0,39.0,158.0,0.0,1704000000.0,3313000000.0,2094000000.0,42000000.0,0.0,45564000000.0,5266000000.0,3328000000.0,12212000000.0,33352000000.0,45564000000.0,7869000000.0,-1033000000.0,,,,APC,Anadarko Petroleum Corp,reports,Energy,Oil & Gas Exploration & Production,"The Woodlands, Texas",,773910,1.251310186701605,-0.5410938433950987
147,APD,2016-09-30,1957200000.0,-73900000.0,-6900000.0,9.0,-1055800000.0,970000000.0,46.0,1501300000.0,32900000.0,249400000.0,6402700000.0,131.0,0.0,767100000.0,925900000.0,2247700000.0,2132200000.0,7500000.0,148600000.0,10074400000.0,1150200000.0,33.0,3121700000.0,586500000.0,488000000.0,115500000.0,619900000.0,0.0,57000000.0,4918100000.0,1288100000.0,133800000.0,0.0,331200000.0,1294900000.0,2707400000.0,-271100000.0,-972000000.0,631100000.0,1140100000.0,631100000.0,1545700000.0,2077100000.0,86100000.0,2106000000.0,22.0,737300000.0,119000000.0,19000000.0,-2388300000.0,-43900000.0,83800000.0,1873400000.0,-213000000.0,0.0,22.0,30.0,7.0,113.0,132000000.0,10475500000.0,141300000.0,797600000.0,1307100000.0,0.0,18055300000.0,4317300000.0,3283300000.0,7079600000.0,10975700000.0,18055300000.0,9524400000.0,-2227000000.0,2016.0,2.92,216130136.986,APD,Air Products & Chemicals Inc,reports,Materials,Industrial Gases,"Allentown, Pennsylvania",1985-04-30,2969,0.694686140459913,-0.5061428906800218
153,ARNC,2013-12-31,4349000000.0,-141000000.0,25000000.0,22.0,-1193000000.0,7509000000.0,24.0,1437000000.0,25000000.0,1178000000.0,19286000000.0,114.0,3184000000.0,0.0,1422000000.0,-1363000000.0,-1816000000.0,-33000000.0,0.0,17639000000.0,3415000000.0,16.0,3746000000.0,428000000.0,0.0,453000000.0,2705000000.0,-293000000.0,-668000000.0,7607000000.0,1907000000.0,2929000000.0,0.0,-460000000.0,-424000000.0,1578000000.0,-679000000.0,-1290000000.0,-2285000000.0,3349000000.0,-2285000000.0,-2285000000.0,1818000000.0,2513000000.0,-1388000000.0,6.0,2628000000.0,1009000000.0,1044000000.0,-3659000000.0,0.0,196000000.0,8508000000.0,-165000000.0,1421000000.0,8.0,17.0,10.0,70.0,192000000.0,9272000000.0,25000000.0,1008000000.0,712000000.0,0.0,35742000000.0,6969000000.0,6105000000.0,10593000000.0,25149000000.0,35742000000.0,23032000000.0,-3762000000.0,2013.0,-2.14,1067757009.35,ARNC,Arconic Inc,reports,Industrials,Aerospace & Defense,"New York, New York",1964-03-31,4281,0.7181157368073255,-12.963350785340314
154,ARNC,2014-12-31,4354000000.0,-312000000.0,-47000000.0,2.0,-1219000000.0,9284000000.0,34.0,1877000000.0,-355000000.0,1304000000.0,19137000000.0,144.0,3139000000.0,0.0,1372000000.0,970000000.0,497000000.0,-24000000.0,0.0,16426000000.0,5247000000.0,20.0,4769000000.0,320000000.0,0.0,473000000.0,3082000000.0,-138000000.0,-898000000.0,8769000000.0,1944000000.0,2488000000.0,0.0,1153000000.0,440000000.0,1674000000.0,2250000000.0,-3460000000.0,268000000.0,1757000000.0,268000000.0,268000000.0,2128000000.0,1168000000.0,1017000000.0,4.0,2759000000.0,761000000.0,1021000000.0,-4677000000.0,0.0,-2103000000.0,8342000000.0,-67000000.0,1371000000.0,2.0,4.0,1.0,87.0,218000000.0,9379000000.0,1386000000.0,995000000.0,83000000.0,0.0,37363000000.0,7848000000.0,5458000000.0,12306000000.0,25057000000.0,37363000000.0,23906000000.0,-3042000000.0,2014.0,0.21,1276190476.19,ARNC,Arconic Inc,reports,Industrials,Aerospace & Defense,"New York, New York",1964-03-31,4281,0.712579229644076,-1.1172866520787745
155,ARNC,2015-12-31,3978000000.0,212000000.0,-2000000.0,3.0,-1180000000.0,10019000000.0,37.0,1919000000.0,-64000000.0,1391000000.0,18069000000.0,153.0,2668000000.0,0.0,1280000000.0,746000000.0,248000000.0,-39000000.0,0.0,14815000000.0,5401000000.0,20.0,4465000000.0,445000000.0,0.0,498000000.0,3442000000.0,-94000000.0,-1199000000.0,9044000000.0,1685000000.0,2085000000.0,0.0,-145000000.0,42000000.0,1582000000.0,-441000000.0,-1060000000.0,-322000000.0,1874000000.0,-322000000.0,-322000000.0,1862000000.0,1220000000.0,748000000.0,3.0,4006000000.0,730000000.0,1174000000.0,-5431000000.0,0.0,214000000.0,8142000000.0,-324000000.0,1280000000.0,1.0,2.0,1.0,87.0,238000000.0,8834000000.0,27000000.0,979000000.0,59000000.0,0.0,36528000000.0,7953000000.0,5211000000.0,12046000000.0,24482000000.0,36528000000.0,22534000000.0,-2825000000.0,2015.0,-0.31,1038709677.42,ARNC,Arconic Inc,reports,Industrials,Aerospace & Defense,"New York, New York",1964-03-31,4281,0.750788643533123,-2.201492537313433
165,AVGO,2016-10-30,1778000000.0,-491000000.0,-113000000.0,10.0,-723000000.0,0.0,101.0,3097000000.0,996000000.0,19241000000.0,7300000000.0,231.0,0.0,0.0,3078000000.0,-522000000.0,-1107000000.0,0.0,0.0,2509000000.0,24732000000.0,45.0,5940000000.0,642000000.0,15068000000.0,585000000.0,1400000000.0,46000000.0,196000000.0,13188000000.0,0.0,2984000000.0,0.0,8193000000.0,1275000000.0,3411000000.0,7704000000.0,-9840000000.0,-1861000000.0,1711000000.0,-1739000000.0,-1749000000.0,2181000000.0,996000000.0,-409000000.0,3.0,532000000.0,447000000.0,846000000.0,-134000000.0,0.0,-9163000000.0,11824000000.0,-218000000.0,1873000000.0,8.0,6.0,14.0,186.0,2674000000.0,-215000000.0,295000000.0,806000000.0,454000000.0,0.0,49966000000.0,7125000000.0,3078000000.0,18892000000.0,31074000000.0,49966000000.0,13240000000.0,0.0,,,,AVGO,Broadcom,reports,Information Technology,Semiconductors,"San Jose, California",2014-05-08,1441634,0.6980732585221258,-2.3643695014662756
192,BAC,2014-12-31,145438000000.0,0.0,0.0,2.0,0.0,0.0,,581963000000.0,0.0,153458000000.0,2656000000.0,,0.0,0.0,5210000000.0,16709000000.0,6855000000.0,-3067000000.0,1130000000.0,10049000000.0,69777000000.0,0.0,0.0,2022000000.0,4612000000.0,8278000000.0,0.0,-5677000000.0,9702000000.0,121101000000.0,1508266000000.0,0.0,0.0,-13832000000.0,7267000000.0,30135000000.0,-12201000000.0,-7600000000.0,4833000000.0,-345000000.0,3789000000.0,5963000000.0,61845000000.0,0.0,0.0,0.0,112063000000.0,0.0,1118936000000.0,-4320000000.0,-345000000.0,-1923000000.0,0.0,4114000000.0,3211000000.0,7.0,3.0,5.0,,0.0,75024000000.0,4282000000.0,74181000000.0,232449000000.0,7510000000.0,2104534000000.0,0.0,0.0,243471000000.0,1861063000000.0,2104534000000.0,95181000000.0,0.0,2014.0,0.36,13425000000.0,BAC,Bank of America Corp,reports,Financials,Banks,"Charlotte, North Carolina",1976-06-30,70858,0.4973939401407149,-0.5772023445017933
197,BAX,2015-12-31,3119000000.0,-4000000.0,105000000.0,11.0,-911000000.0,5902000000.0,128.0,2213000000.0,-118000000.0,683000000.0,5822000000.0,205.0,0.0,0.0,759000000.0,554000000.0,428000000.0,-195000000.0,0.0,4386000000.0,2687000000.0,42.0,4146000000.0,35000000.0,1349000000.0,126000000.0,1604000000.0,0.0,236000000.0,3935000000.0,0.0,19000000.0,0.0,2517000000.0,-712000000.0,1647000000.0,-357000000.0,-1807000000.0,968000000.0,-282000000.0,968000000.0,393000000.0,1731000000.0,0.0,449000000.0,5.0,757000000.0,1100000000.0,46000000.0,224000000.0,-2164000000.0,-896000000.0,2425000000.0,-430000000.0,0.0,4.0,5.0,10.0,177.0,603000000.0,9683000000.0,200000000.0,3094000000.0,2585000000.0,5148000000.0,20975000000.0,11796000000.0,5750000000.0,8846000000.0,12129000000.0,20975000000.0,9968000000.0,-7646000000.0,2015.0,1.78,543820224.719,BAX,Baxter International Inc.,reports,Health Care,Health Care Equipment,"Deerfield, Illinois",1972-09-30,10456,0.44483382319692516,-0.6123348017621145
207,BBY,2014-02-01,6586000000.0,7000000.0,39000000.0,13.0,-547000000.0,300000000.0,39.0,2678000000.0,597000000.0,35000000.0,31212000000.0,141.0,0.0,0.0,716000000.0,1183000000.0,1083000000.0,-44000000.0,0.0,2598000000.0,425000000.0,23.0,9399000000.0,388000000.0,101000000.0,100000000.0,5376000000.0,-180000000.0,-1205000000.0,1612000000.0,0.0,3000000.0,0.0,381000000.0,852000000.0,1094000000.0,319000000.0,-517000000.0,532000000.0,526000000.0,532000000.0,695000000.0,1308000000.0,149000000.0,1144000000.0,3.0,404000000.0,900000000.0,805000000.0,492000000.0,0.0,210000000.0,976000000.0,-70000000.0,0.0,3.0,27.0,1.0,69.0,0.0,3159000000.0,171000000.0,8106000000.0,45000000.0,223000000.0,14013000000.0,10485000000.0,7436000000.0,3986000000.0,10027000000.0,14013000000.0,40611000000.0,0.0,2014.0,1.56,341025641.026,BBY,Best Buy Co. Inc.,reports,Consumer Discretionary,Computer & Electronics Retail,"Richfield, Minnesota",,764478,0.4044154540893126,-1.4321689683184404
211,BCR,2014-12-31,536600000.0,21300000.0,-290900000.0,16.0,-126600000.0,1945300000.0,164.0,1007600000.0,-53900000.0,18700000.0,1258600000.0,333.0,11500000.0,145900000.0,174100000.0,490600000.0,445800000.0,-19100000.0,0.0,446400000.0,1091200000.0,62.0,2065000000.0,151300000.0,1053900000.0,44800000.0,376200000.0,7100000.0,-35000000.0,1401900000.0,0.0,0.0,0.0,78000000.0,-106800000.0,660000000.0,-584400000.0,-163300000.0,294500000.0,353000000.0,294500000.0,294500000.0,548500000.0,0.0,781500000.0,24.0,442500000.0,114800000.0,0.0,-88800000.0,-70200000.0,-43800000.0,1125300000.0,-94000000.0,0.0,13.0,25.0,9.0,272.0,302000000.0,-70300000.0,-561200000.0,981500000.0,78000000.0,0.0,5092600000.0,2047100000.0,614600000.0,1804900000.0,3287700000.0,5092600000.0,3323600000.0,0.0,2014.0,3.83,76892950.3916,BCR,Bard (C.R.) Inc.,reports,Health Care,Health Care Equipment,"Murray Hill, New Jersey",1975-06-30,9892,0.7767189317967754,-0.5730646564221513
212,BCR,2015-12-31,1010500000.0,-18000000.0,-449200000.0,9.0,-102900000.0,2148400000.0,82.0,1030900000.0,-33100000.0,18400000.0,1301200000.0,156.0,50500000.0,47200000.0,193100000.0,394300000.0,349400000.0,-42200000.0,0.0,472400000.0,1140600000.0,62.0,2114800000.0,214000000.0,1019100000.0,44900000.0,413700000.0,21000000.0,-217300000.0,1144100000.0,0.0,0.0,0.0,-82000000.0,-9600000.0,798100000.0,-554100000.0,-211400000.0,135400000.0,707400000.0,135400000.0,135400000.0,445100000.0,0.0,843500000.0,25.0,192100000.0,79600000.0,0.0,-208000000.0,-6900000.0,-129500000.0,936700000.0,30600000.0,0.0,10.0,24.0,4.0,123.0,259200000.0,-503500000.0,-440000000.0,1012100000.0,250200000.0,0.0,4844000000.0,1969300000.0,1260700000.0,1455300000.0,3388700000.0,4844000000.0,3416000000.0,0.0,2015.0,1.8,75222222.2222,BCR,Bard (C.R.) Inc.,reports,Health Care,Health Care Equipment,"Murray Hill, New Jersey",1975-06-30,9892,0.7861609290180719,-0.5402376910016977
216,BDX,2015-09-30,2930000000.0,-2000000.0,36000000.0,10.0,-596000000.0,4475000000.0,35.0,1424000000.0,200000000.0,333000000.0,5587000000.0,129.0,0.0,2430000000.0,891000000.0,1110000000.0,739000000.0,-38000000.0,0.0,4060000000.0,7537000000.0,46.0,4695000000.0,44000000.0,7386000000.0,371000000.0,1959000000.0,840000000.0,173000000.0,11370000000.0,1118000000.0,0.0,0.0,6655000000.0,-436000000.0,1730000000.0,6190000000.0,-8318000000.0,695000000.0,-170000000.0,695000000.0,695000000.0,1618000000.0,426000000.0,1074000000.0,10.0,717000000.0,563000000.0,0.0,-1718000000.0,0.0,-8561000000.0,1133000000.0,-58000000.0,0.0,7.0,10.0,7.0,84.0,632000000.0,12314000000.0,-27000000.0,2563000000.0,1452000000.0,95000000.0,26478000000.0,5659000000.0,4381000000.0,7164000000.0,19314000000.0,26478000000.0,10282000000.0,-8239000000.0,2015.0,3.43,202623906.706,BDX,Becton Dickinson,reports,Health Care,Health Care Equipment,"Franklin Lakes, New Jersey",1972-09-30,10795,1.587102177554439,-0.4135021097046413
220,BHI,2015-12-31,2624000000.0,1943000000.0,0.0,12.0,-965000000.0,7261000000.0,84.0,2324000000.0,703000000.0,437000000.0,14415000000.0,334.0,0.0,252000000.0,1742000000.0,-2396000000.0,-2613000000.0,-25000000.0,0.0,6693000000.0,6070000000.0,8.0,1327000000.0,-639000000.0,583000000.0,217000000.0,2917000000.0,-310000000.0,-1654000000.0,3890000000.0,0.0,84000000.0,0.0,-45000000.0,584000000.0,1796000000.0,-282000000.0,-905000000.0,-1967000000.0,1172000000.0,-1967000000.0,-1967000000.0,3217000000.0,2288000000.0,-2396000000.0,15.0,1466000000.0,810000000.0,0.0,-1005000000.0,-56000000.0,370000000.0,781000000.0,-136000000.0,0.0,17.0,16.0,12.0,229.0,466000000.0,9614000000.0,116000000.0,969000000.0,151000000.0,0.0,24080000000.0,9268000000.0,2775000000.0,16298000000.0,7782000000.0,24080000000.0,15742000000.0,-9000000.0,2015.0,-4.49,438084632.517,BHI,Baker Hughes Inc,reports,Energy,Oil & Gas Equipment & Services,"Houston, Texas",,808362,0.2386795925880476,-2.1442699243746364
233,BLL,2015-12-31,1730200000.0,34800000.0,-116500000.0,22.0,-527900000.0,0.0,10.0,224000000.0,96900000.0,961700000.0,6460300000.0,102.0,0.0,172700000.0,285500000.0,488700000.0,345500000.0,9500000.0,4400000.0,2685900000.0,2176500000.0,19.0,1536700000.0,47000000.0,576200000.0,143200000.0,898400000.0,0.0,-18000000.0,5054200000.0,0.0,10000000.0,0.0,2001200000.0,32600000.0,1006700000.0,1737100000.0,-2720700000.0,280900000.0,278100000.0,280900000.0,302900000.0,1061600000.0,0.0,605200000.0,8.0,2154400000.0,0.0,334100000.0,-639900000.0,-92800000.0,-2192800000.0,1147200000.0,26500000.0,285500000.0,4.0,28.0,4.0,60.0,0.0,4557500000.0,-99500000.0,646000000.0,77300000.0,0.0,9777000000.0,2184000000.0,2141600000.0,1251300000.0,8525700000.0,9777000000.0,7997000000.0,-3628000000.0,2015.0,2.05,137024390.244,BLL,Ball Corp,reports,Materials,Metal & Glass Containers,"Broomfield, Colorado",1984-10-31,9389,4.039159274354671,-0.40234042553191485
239,BSX,2013-12-31,1594000000.0,-101000000.0,19000000.0,2.0,-245000000.0,16579000000.0,12.0,217000000.0,-7000000.0,16000000.0,2174000000.0,165.0,0.0,1402000000.0,689000000.0,101000000.0,-223000000.0,-1000000.0,0.0,1546000000.0,5693000000.0,70.0,4969000000.0,-102000000.0,5950000000.0,324000000.0,897000000.0,-39000000.0,200000000.0,4237000000.0,0.0,0.0,0.0,-10000000.0,10000000.0,1110000000.0,-624000000.0,-475000000.0,-121000000.0,359000000.0,-121000000.0,-121000000.0,1595000000.0,938000000.0,120000000.0,2.0,371000000.0,302000000.0,227000000.0,106000000.0,-188000000.0,-191000000.0,2569000000.0,91000000.0,410000000.0,3.0,3.0,2.0,116.0,861000000.0,-8570000000.0,-426000000.0,2678000000.0,3000000.0,0.0,16571000000.0,3011000000.0,1824000000.0,6539000000.0,10032000000.0,16571000000.0,7143000000.0,-1592000000.0,2013.0,-0.09,1344444444.44,BSX,Boston Scientific,reports,Health Care,Health Care Equipment,"Marlborough, Massachusetts[4]",,885725,0.6479584034256003,-0.9702556538839725
245,BWA,2016-12-31,1915900000.0,-137500000.0,6300000.0,4.0,-500600000.0,1104300000.0,21.0,443700000.0,-36500000.0,2500000.0,7137900000.0,139.0,0.0,0.0,391400000.0,232200000.0,147600000.0,-31700000.0,42900000.0,2501800000.0,1702200000.0,21.0,1933100000.0,30300000.0,463500000.0,84600000.0,641200000.0,0.0,120700000.0,2043600000.0,502200000.0,83600000.0,0.0,-189000000.0,-134000000.0,1035700000.0,-733800000.0,-404200000.0,118500000.0,600400000.0,118500000.0,118500000.0,1689300000.0,0.0,225900000.0,2.0,753400000.0,137400000.0,0.0,-722100000.0,0.0,96400000.0,1397400000.0,-63000000.0,0.0,2.0,5.0,1.0,109.0,0.0,4215200000.0,-281300000.0,1707200000.0,175900000.0,0.0,8834700000.0,2911600000.0,2091800000.0,3218300000.0,5616400000.0,8834700000.0,9071000000.0,-1381600000.0,,,,BWA,BorgWarner,reports,Consumer Discretionary,Auto Parts & Equipment,"Auburn Hills, Michigan",2011-12-19,908255,0.6349936301774228,-0.8056421190749549
248,BXP,2014-12-31,1289267000.0,12869000.0,167209000.0,8.0,-410612000.0,6270257000.0,,1763079000.0,0.0,1531000.0,864526000.0,,831744000.0,0.0,628573000.0,979664000.0,523921000.0,0.0,12769000.0,15688744000.0,0.0,64.0,1532472000.0,0.0,0.0,455743000.0,0.0,-622324000.0,-157037000.0,10086984000.0,212853000.0,2205638000.0,104692000.0,-1276037000.0,-602058000.0,695553000.0,-632487000.0,-665124000.0,443611000.0,-280681000.0,433111000.0,443611000.0,738594000.0,0.0,801822000.0,33.0,164432000.0,0.0,0.0,-9304000.0,0.0,367812000.0,502255000.0,-34228000.0,628573000.0,22.0,9.0,19.0,,0.0,-762464000.0,1520932000.0,102077000.0,0.0,487321000.0,19886767000.0,0.0,0.0,5697298000.0,14188836000.0,19886134000.0,2396998000.0,-2722000.0,2014.0,2.83,156753003.534,BXP,Boston Properties,reports,Real Estate,REITs,"Boston, Massachusetts",,1037540,1.7704855880805253,-0.4083695757997682
252,C,2014-12-31,52180000000.0,0.0,570000000.0,3.0,-3386000000.0,107979000000.0,,402767000000.0,0.0,31000000.0,0.0,,0.0,0.0,3799000000.0,28391000000.0,14701000000.0,-2432000000.0,0.0,0.0,23592000000.0,100.0,69606000000.0,7197000000.0,4566000000.0,13690000000.0,0.0,-23129000000.0,37103000000.0,362116000000.0,1258870000000.0,1511000000.0,0.0,-23260000000.0,2223000000.0,46343000000.0,-70270000000.0,28582000000.0,7310000000.0,9517000000.0,7310000000.0,7504000000.0,28419000000.0,20058000000.0,14131000000.0,20.0,123967000000.0,0.0,899332000000.0,-23216000000.0,-48336000000.0,969000000.0,85084000000.0,-11386000000.0,6666000000.0,21.0,7.0,11.0,,0.0,117852000000.0,1959000000.0,55852000000.0,231773000000.0,0.0,1842181000000.0,0.0,0.0,210185000000.0,1631996000000.0,1842181000000.0,69606000000.0,-2929000000.0,2014.0,2.21,3307692307.69,C,Citigroup Inc.,reports,Financials,Banks,"New York, New York",1988-05-31,831001,1.722844161096177,-0.4648217292627571
255,CAG,2014-05-25,2251700000.0,50400000.0,0.0,6.0,-461100000.0,1036900000.0,5.0,141300000.0,7300000.0,2839700000.0,8910800000.0,160.0,0.0,0.0,354600000.0,1148500000.0,771000000.0,-3800000.0,32500000.0,3834900000.0,7828500000.0,25.0,2927400000.0,178300000.0,3204900000.0,377500000.0,2077000000.0,0.0,-128800000.0,8720500000.0,0.0,96700000.0,0.0,-612300000.0,-800000.0,1568600000.0,-1034100000.0,-531500000.0,303100000.0,445900000.0,303100000.0,625200000.0,1058400000.0,0.0,1148500000.0,10.0,220400000.0,954100000.0,164800000.0,-134300000.0,-4600000.0,-70400000.0,2601400000.0,75700000.0,0.0,7.0,15.0,3.0,82.0,0.0,5010600000.0,3700000.0,1778900000.0,225900000.0,0.0,19319500000.0,4230800000.0,2642400000.0,5258500000.0,14061000000.0,19319500000.0,11838200000.0,-3494400000.0,2014.0,0.72,420972222.222,CAG,ConAgra Foods Inc.,reports,Consumer Staples,Packaged Foods & Meats,"Omaha, Nebraska",1983-08-31,23217,1.6583626509460874,-0.6083473316966016
256,CAG,2015-05-31,1933400000.0,77300000.0,0.0,6.0,-351200000.0,1049400000.0,5.0,164700000.0,-112100000.0,2839700000.0,9061400000.0,108.0,0.0,0.0,380400000.0,1330300000.0,1000300000.0,-8800000.0,122100000.0,7130600000.0,4544600000.0,24.0,2875600000.0,362100000.0,1272500000.0,330000000.0,1642600000.0,391400000.0,2800000.0,6888800000.0,0.0,84000000.0,0.0,-1093500000.0,0.0,1480600000.0,-1430200000.0,-41600000.0,-252600000.0,1072100000.0,-252600000.0,760300000.0,739000000.0,0.0,1330300000.0,11.0,926800000.0,1017000000.0,361000000.0,-329500000.0,-15300000.0,-81800000.0,2628900000.0,35700000.0,0.0,8.0,22.0,2.0,58.0,0.0,4331100000.0,103800000.0,1545300000.0,1015700000.0,0.0,17437800000.0,3563300000.0,3310100000.0,4526000000.0,12911800000.0,17437800000.0,11937000000.0,-3364700000.0,2015.0,-0.6,421000000.0,CAG,ConAgra Foods Inc.,reports,Consumer Staples,Packaged Foods & Meats,"Omaha, Nebraska",1983-08-31,23217,1.5220503756076005,-1.8333883206862422
263,CAT,2014-12-31,14622000000.0,163000000.0,322000000.0,15.0,-3379000000.0,0.0,26.0,7341000000.0,101000000.0,5016000000.0,41342000000.0,139.0,1404000000.0,0.0,3163000000.0,3636000000.0,3152000000.0,-174000000.0,8000000.0,16577000000.0,6694000000.0,25.0,13842000000.0,692000000.0,3076000000.0,484000000.0,12205000000.0,-1275000000.0,161000000.0,27784000000.0,16265000000.0,80000000.0,0.0,2444000000.0,1260000000.0,8057000000.0,-2996000000.0,-3627000000.0,2452000000.0,2140000000.0,2452000000.0,2452000000.0,18503000000.0,0.0,3314000000.0,6.0,1798000000.0,818000000.0,1754000000.0,-6431000000.0,0.0,1027000000.0,12194000000.0,-139000000.0,0.0,6.0,19.0,4.0,96.0,2380000000.0,33887000000.0,-3995000000.0,8148000000.0,11501000000.0,0.0,84681000000.0,38867000000.0,27877000000.0,16746000000.0,67935000000.0,84681000000.0,55184000000.0,-15726000000.0,2014.0,5.99,409348914.858,CAT,Caterpillar Inc.,reports,Industrials,Construction & Farm Machinery & Heavy Trucks,"Peoria, Illinois",,18230,1.6591424817866953,-0.352863552388493
265,CAT,2016-12-31,10532000000.0,829000000.0,146000000.0,1.0,-2928000000.0,0.0,27.0,7168000000.0,1109000000.0,5277000000.0,28905000000.0,122.0,2790000000.0,0.0,3034000000.0,644000000.0,139000000.0,-28000000.0,-6000000.0,15322000000.0,6020000000.0,25.0,9632000000.0,192000000.0,2349000000.0,505000000.0,8614000000.0,460000000.0,-1534000000.0,22818000000.0,14585000000.0,76000000.0,0.0,-1310000000.0,708000000.0,5608000000.0,-3112000000.0,-1760000000.0,-67000000.0,2005000000.0,-67000000.0,-67000000.0,14503000000.0,595000000.0,498000000.0,1.0,1671000000.0,1682000000.0,1635000000.0,-2039000000.0,0.0,708000000.0,12541000000.0,224000000.0,0.0,0.0,1.0,0.0,89.0,1951000000.0,27377000000.0,-23000000.0,6588000000.0,13965000000.0,0.0,74704000000.0,31967000000.0,26132000000.0,13137000000.0,61567000000.0,74704000000.0,38537000000.0,-17478000000.0,,,,CAT,Caterpillar Inc.,reports,Industrials,Construction & Farm Machinery & Heavy Trucks,"Peoria, Illinois",,18230,1.7369262388673212,-1.026671974522293
275,CCI,2013-12-31,392687000.0,-64026000.0,-40073000.0,1.0,-534809000.0,9482769000.0,54.0,406920000.0,0.0,3341000.0,991017000.0,118.0,19008000.0,56513000.0,840587000.0,840631000.0,251001000.0,2210000.0,0.0,8947677000.0,4916426000.0,65.0,1874734000.0,191000000.0,4057865000.0,589630000.0,0.0,0.0,284342000.0,11490914000.0,1078995000.0,14458000.0,0.0,261120000.0,-217970000.0,1171059000.0,4063133000.0,-5459285000.0,90111000.0,266995000.0,78748000.0,60001000.0,276639000.0,39169000.0,880704000.0,31.0,682254000.0,209124000.0,260114000.0,-23612000.0,0.0,-4924476000.0,1349919000.0,-211927000.0,741342000.0,9.0,4.0,3.0,118.0,0.0,-2535879000.0,3832014000.0,213519000.0,103586000.0,0.0,20594908000.0,892683000.0,756387000.0,6926717000.0,13668191000.0,20594908000.0,2865751000.0,0.0,2013.0,0.26,346580769.231,CCI,Crown Castle International Corp.,reports,Real Estate,REITs,"Houston, Texas",2012-03-14,1051470,1.6589264437972564,-0.522170491664192
293,CF,2015-12-31,1084700000.0,-4800000.0,-2300000.0,16.0,-2469300000.0,1377400000.0,25.0,308800000.0,-71000000.0,2400000.0,2761200000.0,93.0,0.0,916200000.0,479600000.0,1190800000.0,1057600000.0,-18300000.0,37300000.0,8539000000.0,2390100000.0,36.0,1547100000.0,395800000.0,0.0,133200000.0,321200000.0,12800000.0,-270000000.0,5592700000.0,297800000.0,352000000.0,0.0,1000000000.0,-1710600000.0,1203700000.0,79900000.0,-2975900000.0,664900000.0,284400000.0,699900000.0,664900000.0,267200000.0,0.0,1193100000.0,28.0,384900000.0,229900000.0,130500000.0,-249800000.0,0.0,-519400000.0,627600000.0,51400000.0,0.0,25.0,26.0,15.0,66.0,0.0,3057900000.0,-547900000.0,319000000.0,0.0,0.0,12738900000.0,1127100000.0,1215200000.0,4035200000.0,8703700000.0,12738900000.0,4308300000.0,-152700000.0,2015.0,2.97,223872053.872,CF,CF Industries Holdings Inc,reports,Materials,Fertilizers & Agricultural Chemicals,"Deerfield, Illinois",2008-08-27,1324404,1.3859783901665346,-0.695488893977559
295,CFG,2013-12-31,0.0,0.0,0.0,18.0,-160000000.0,18603000000.0,,24235000000.0,0.0,6000000.0,216000000.0,,0.0,199000000.0,477000000.0,-3241000000.0,-3468000000.0,0.0,0.0,592000000.0,6876000000.0,0.0,0.0,-42000000.0,0.0,227000000.0,0.0,-2070000000.0,-398000000.0,939000000.0,107787000000.0,0.0,0.0,3651000000.0,-306000000.0,2649000000.0,-502000000.0,-2453000000.0,-3426000000.0,4721000000.0,-3426000000.0,-3426000000.0,446000000.0,4435000000.0,0.0,0.0,3463000000.0,0.0,86903000000.0,-648000000.0,-2968000000.0,-223000000.0,6470000000.0,827000000.0,581000000.0,68.0,18.0,67.0,,0.0,1235000000.0,0.0,3142000000.0,7042000000.0,0.0,122154000000.0,0.0,0.0,19196000000.0,102958000000.0,122154000000.0,5133000000.0,0.0,,,,CFG,Citizens Financial Group,reports,Financials,Regional Banks,"Providence, Rhode Island",2016-01-29,759944,0.04891644092519275,-6.328149300155521
296,CFG,2014-12-31,0.0,0.0,0.0,4.0,-141000000.0,18676000000.0,,28350000000.0,0.0,6000000.0,160000000.0,,0.0,493000000.0,432000000.0,1471000000.0,1268000000.0,0.0,0.0,595000000.0,6876000000.0,0.0,0.0,403000000.0,0.0,203000000.0,0.0,-9778000000.0,239000000.0,612000000.0,117829000000.0,0.0,0.0,6730000000.0,519000000.0,1390000000.0,9403000000.0,-10274000000.0,865000000.0,435000000.0,865000000.0,865000000.0,0.0,0.0,0.0,0.0,3911000000.0,0.0,95707000000.0,-372000000.0,3813000000.0,-355000000.0,1606000000.0,-581000000.0,464000000.0,24.0,7.0,16.0,,0.0,1294000000.0,-334000000.0,3247000000.0,10529000000.0,0.0,132857000000.0,0.0,0.0,19268000000.0,113589000000.0,132857000000.0,5342000000.0,-336000000.0,2014.0,1.55,558064516.129,CFG,Citizens Financial Group,reports,Financials,Regional Banks,"Providence, Rhode Island",2016-01-29,759944,0.03176250778492838,-1.2524810274372447
303,CHK,2013-12-31,1796000000.0,5000000.0,-98000000.0,5.0,-7608000000.0,12446000000.0,17.0,912000000.0,0.0,7000000.0,12930000000.0,66.0,0.0,3852000000.0,2903000000.0,1669000000.0,1442000000.0,0.0,0.0,37134000000.0,0.0,32.0,6150000000.0,548000000.0,0.0,227000000.0,0.0,71000000.0,-391000000.0,12886000000.0,481000000.0,2145000000.0,0.0,-26000000.0,550000000.0,4614000000.0,-1097000000.0,-2967000000.0,724000000.0,1203000000.0,474000000.0,724000000.0,2445000000.0,794000000.0,2069000000.0,11.0,511000000.0,299000000.0,3511000000.0,-162000000.0,-246000000.0,4570000000.0,1389000000.0,0.0,2903000000.0,8.0,9.0,4.0,66.0,0.0,688000000.0,-206000000.0,686000000.0,208000000.0,0.0,41782000000.0,3656000000.0,5515000000.0,15995000000.0,23642000000.0,39637000000.0,19080000000.0,-46000000.0,2013.0,0.73,991780821.918,CHK,Chesapeake Energy,reports,Energy,Integrated Oil & Gas,"Oklahoma City, Oklahoma",,895126,0.8056267583619882,-1.94148244473342
305,CHK,2015-12-31,1045000000.0,1186000000.0,134000000.0,687.0,-3771000000.0,12403000000.0,22.0,825000000.0,0.0,7000000.0,10295000000.0,67.0,0.0,60000000.0,2229000000.0,-18781000000.0,-19098000000.0,0.0,0.0,14298000000.0,0.0,19.0,2469000000.0,-4463000000.0,0.0,317000000.0,0.0,-10000000.0,-2220000000.0,10354000000.0,382000000.0,259000000.0,0.0,-508000000.0,-3283000000.0,1234000000.0,-1066000000.0,-3451000000.0,-14685000000.0,14674000000.0,-14856000000.0,-14685000000.0,1129000000.0,18821000000.0,-18919000000.0,148.0,197000000.0,526000000.0,2219000000.0,-99000000.0,-41000000.0,330000000.0,861000000.0,0.0,2229000000.0,150.0,893.0,115.0,67.0,0.0,-13202000000.0,-143000000.0,334000000.0,421000000.0,0.0,17357000000.0,2480000000.0,3685000000.0,2138000000.0,14960000000.0,17098000000.0,12764000000.0,-33000000.0,2015.0,-22.43,654703522.069,CHK,Chesapeake Energy,reports,Energy,Integrated Oil & Gas,"Oklahoma City, Oklahoma",,895126,4.842843779232928,-8.660406885758999
313,CHTR,2016-12-31,7544000000.0,-160000000.0,-36000000.0,9.0,-5325000000.0,39413000000.0,16.0,1535000000.0,0.0,0.0,18655000000.0,34.0,0.0,26665000000.0,6907000000.0,3319000000.0,820000000.0,0.0,0.0,32963000000.0,29509000000.0,36.0,10348000000.0,-2925000000.0,81924000000.0,2499000000.0,0.0,0.0,1029000000.0,59719000000.0,0.0,10227000000.0,0.0,1764000000.0,1530000000.0,8041000000.0,4779000000.0,-11290000000.0,3522000000.0,-3591000000.0,3522000000.0,3411000000.0,1432000000.0,0.0,3355000000.0,12.0,1371000000.0,333000000.0,0.0,-7000000.0,1000000.0,-5965000000.0,2745000000.0,111000000.0,6907000000.0,3.0,2.0,12.0,34.0,0.0,733000000.0,3306000000.0,86000000.0,2028000000.0,0.0,149067000000.0,3300000000.0,9572000000.0,40139000000.0,108928000000.0,149067000000.0,29003000000.0,0.0,,,,CHTR,Charter Communications,reports,Consumer Discretionary,Cable & Satellite,"Stamford, Connecticut",2016-09-08,1091667,1.4878048780487805,-13.99630996309963
325,CL,2015-12-31,3232000000.0,-75000000.0,0.0,463.0,-691000000.0,1438000000.0,27.0,970000000.0,-13000000.0,1466000000.0,6635000000.0,124.0,67000000.0,233000000.0,449000000.0,2763000000.0,2763000000.0,-107000000.0,0.0,3796000000.0,2103000000.0,59.0,9399000000.0,1215000000.0,1346000000.0,0.0,1180000000.0,-143000000.0,-67000000.0,6269000000.0,0.0,255000000.0,0.0,421000000.0,-119000000.0,2949000000.0,-2276000000.0,-685000000.0,1384000000.0,1074000000.0,1384000000.0,1384000000.0,1427000000.0,0.0,2789000000.0,17.0,262000000.0,807000000.0,0.0,-3962000000.0,0.0,149000000.0,1966000000.0,33000000.0,0.0,17.0,924.0,9.0,91.0,0.0,18861000000.0,-1204000000.0,6610000000.0,302000000.0,0.0,11958000000.0,4384000000.0,3534000000.0,-299000000.0,12257000000.0,11958000000.0,16034000000.0,-18102000000.0,2015.0,1.53,904575163.399,CL,Colgate-Palmolive,reports,Consumer Staples,Household Products,"New York, New York",,21665,-20.96655518394649,-0.36513761467889905
341,CMG,2016-12-31,281793000.0,-1923000.0,-19705000.0,2.0,-258842000.0,1238875000.0,148.0,87880000.0,-91000.0,358000.0,3406170000.0,185.0,0.0,307871000.0,146368000.0,38739000.0,38739000.0,110000.0,0.0,1303558000.0,21939000.0,13.0,498214000.0,15801000.0,0.0,0.0,15019000.0,585648000.0,28044000.0,0.0,125055000.0,0.0,0.0,0.0,-160125000.0,349242000.0,-836283000.0,326806000.0,22938000.0,71650000.0,22938000.0,22938000.0,45559000.0,17162000.0,34567000.0,1.0,53177000.0,44080000.0,0.0,-8162000.0,0.0,0.0,33946000.0,82256000.0,146368000.0,1.0,3.0,1.0,180.0,0.0,2220811000.0,-837603000.0,276240000.0,0.0,329836000.0,2026103000.0,522374000.0,281793000.0,1402493000.0,623610000.0,2026103000.0,3904384000.0,-2049389000.0,,,,CMG,Chipotle Mexican Grill,reports,Consumer Discretionary,Restaurants,"Denver, Colorado",2011-04-28,1058090,0.0,-0.9517705981051383
357,CNP,2015-12-31,758000000.0,345000000.0,27000000.0,20.0,-1584000000.0,0.0,43.0,264000000.0,28000000.0,0.0,5109000000.0,109.0,0.0,5052000000.0,997000000.0,-673000000.0,-1130000000.0,0.0,-1633000000.0,11537000000.0,840000000.0,31.0,2277000000.0,-438000000.0,0.0,457000000.0,347000000.0,180000000.0,-276000000.0,7901000000.0,2993000000.0,0.0,0.0,-54000000.0,-34000000.0,1865000000.0,-512000000.0,-1387000000.0,-692000000.0,1323000000.0,-692000000.0,-2325000000.0,1044000000.0,0.0,933000000.0,13.0,3275000000.0,229000000.0,343000000.0,0.0,0.0,17000000.0,2453000000.0,140000000.0,970000000.0,15.0,33.0,9.0,95.0,0.0,0.0,0.0,374000000.0,1366000000.0,805000000.0,21334000000.0,2689000000.0,2467000000.0,3461000000.0,17873000000.0,21334000000.0,7386000000.0,0.0,2015.0,-1.61,429813664.596,CNP,CenterPoint Energy,reports,Utilities,MultiUtilities,"Houston, Texas",1985-07-31,1130310,2.2828662236347874,-2.1325695581014728
364,COG,2014-12-31,499018000.0,-11689000.0,17120000.0,5.0,-1479632000.0,710432000.0,4.0,20954000.0,3441000.0,42292000.0,524880000.0,83.0,0.0,879703000.0,637514000.0,106186000.0,32401000.0,0.0,3080000.0,4925711000.0,0.0,76.0,1648131000.0,-72067000.0,0.0,73785000.0,14026000.0,-252794000.0,-31399000.0,1752000000.0,68029000.0,0.0,0.0,599374000.0,-2446000.0,1236435000.0,425959000.0,-1664840000.0,104468000.0,530003000.0,104468000.0,107548000.0,239009000.0,799783000.0,106186000.0,5.0,30529000.0,139458000.0,0.0,-2151000.0,-1285000.0,67586000.0,164262000.0,4097000.0,632760000.0,1.0,2.0,5.0,80.0,0.0,1698995000.0,-138852000.0,129602000.0,0.0,0.0,5437716000.0,413447000.0,499018000.0,2142733000.0,3294983000.0,5437716000.0,2173011000.0,-306835000.0,2014.0,0.25,417872000.0,COG,Cabot Oil & Gas,reports,Energy,Oil & Gas Exploration & Production,"Houston, Texas",2008-06-23,858470,0.8176473690375796,-0.6265972770782027
365,COG,2015-12-31,215552000.0,112406000.0,3866000.0,6.0,-955602000.0,721997000.0,0.0,514000.0,-3023000.0,42377000.0,580994000.0,61.0,0.0,842529000.0,626665000.0,-90362000.0,-187273000.0,0.0,6415000.0,4976879000.0,0.0,57.0,776156000.0,-73382000.0,0.0,96911000.0,17049000.0,-45385000.0,-65244000.0,2005000000.0,103517000.0,0.0,0.0,265162000.0,-20440000.0,740737000.0,232157000.0,-993334000.0,-113891000.0,186326000.0,-113891000.0,-107476000.0,124552000.0,142335000.0,-90362000.0,7.0,36717000.0,2671000.0,0.0,-365000.0,85000.0,7653000.0,169630000.0,-2502000.0,622211000.0,14.0,9.0,8.0,54.0,0.0,1552014000.0,0.0,112253000.0,20000000.0,0.0,5261899000.0,144786000.0,235552000.0,2009188000.0,3252711000.0,5261899000.0,1357150000.0,-306835000.0,2015.0,-0.28,406753571.429,COG,Cabot Oil & Gas,reports,Energy,Oil & Gas Exploration & Production,"Houston, Texas",2008-06-23,858470,0.99791557584457,-2.0901998698165944
389,CRM,2016-01-31,1349338000.0,-582425000.0,21841000.0,1.0,-709852000.0,5705386000.0,24.0,1158363000.0,0.0,671000.0,1654548000.0,77.0,189943000.0,23886000.0,872291000.0,136764000.0,64279000.0,-7109000.0,0.0,1715828000.0,3849937000.0,75.0,5012668000.0,111705000.0,384258000.0,72485000.0,0.0,-967711000.0,1223672000.0,1293947000.0,1904717000.0,0.0,0.0,-382330000.0,250246000.0,1612585000.0,132648000.0,-1487878000.0,-47426000.0,475723000.0,-47426000.0,-47426000.0,2496165000.0,0.0,114923000.0,2.0,378762000.0,509781000.0,4267667000.0,-49917000.0,0.0,189685000.0,833065000.0,-329250000.0,0.0,1.0,1.0,1.0,77.0,946300000.0,-653271000.0,455482000.0,3951445000.0,0.0,183018000.0,12770772000.0,4347327000.0,5617005000.0,5002869000.0,7767903000.0,12770772000.0,6667216000.0,0.0,2016.0,-0.07,677514285.714,CRM,Salesforce.com,reports,Information Technology,Internet Software & Services,"San Francisco, California",2008-09-15,1108524,0.25864099179890576,-0.8194588256791326
395,CSRA,2016-04-01,915548000.0,185939000.0,15221000.0,159.0,-139420000.0,117376000.0,12.0,130016000.0,0.0,163000.0,3575631000.0,93.0,0.0,162844000.0,195189000.0,202564000.0,149089000.0,0.0,0.0,530087000.0,2332158000.0,16.0,674816000.0,46167000.0,910836000.0,53475000.0,0.0,0.0,-60266000.0,2764854000.0,0.0,25692000.0,0.0,2463465000.0,125037000.0,553516000.0,1176840000.0,-1605319000.0,102922000.0,159587000.0,87145000.0,102922000.0,751228000.0,117987000.0,187343000.0,4.0,68697000.0,123278000.0,0.0,20908000.0,7977000.0,-1465899000.0,742625000.0,-29855000.0,182242000.0,4.0,231.0,2.0,93.0,0.0,-73901000.0,-74733000.0,187244000.0,170191000.0,0.0,4846300000.0,1004522000.0,1085739000.0,64546000.0,4781754000.0,4846300000.0,4250447000.0,0.0,2016.0,0.54,190596296.296,CSRA,CSRA Inc.,reports,Information Technology,IT Consulting & Other Services,"Falls Church, Virginia",2015-12-01,1646383,42.83540420785177,-0.6128350292474656
405,CTL,2013-12-31,3110000000.0,-212000000.0,69000000.0,1.0,-3048000000.0,17343000000.0,4.0,168000000.0,0.0,584000000.0,7507000000.0,89.0,0.0,4753000000.0,4495000000.0,1522000000.0,224000000.0,0.0,0.0,18646000000.0,20674000000.0,59.0,10588000000.0,463000000.0,7737000000.0,1298000000.0,0.0,0.0,-390000000.0,20181000000.0,0.0,0.0,0.0,376000000.0,-43000000.0,5559000000.0,-2454000000.0,-3148000000.0,-239000000.0,1664000000.0,-239000000.0,-229000000.0,3142000000.0,1092000000.0,1453000000.0,8.0,823000000.0,597000000.0,514000000.0,-802000000.0,-16000000.0,-100000000.0,5253000000.0,241000000.0,4541000000.0,1.0,1.0,1.0,89.0,0.0,66000000.0,-1513000000.0,3502000000.0,785000000.0,0.0,51787000000.0,3907000000.0,4409000000.0,17191000000.0,34596000000.0,51787000000.0,18095000000.0,0.0,2013.0,-0.4,597500000.0,CTL,CenturyLink Inc,reports,Telecommunications Services,Integrated Telecommunications Services,"Monroe, Louisiana",,18926,1.1739282182537374,-1.3075933075933075
406,CTL,2014-12-31,3158000000.0,-163000000.0,11000000.0,5.0,-3047000000.0,16324000000.0,3.0,128000000.0,0.0,569000000.0,7846000000.0,69.0,0.0,3154000000.0,4407000000.0,2421000000.0,1110000000.0,0.0,0.0,18433000000.0,20755000000.0,56.0,10185000000.0,338000000.0,6540000000.0,1311000000.0,0.0,0.0,-198000000.0,19953000000.0,0.0,0.0,0.0,-321000000.0,-40000000.0,5188000000.0,-2151000000.0,-3077000000.0,772000000.0,561000000.0,772000000.0,772000000.0,1988000000.0,0.0,2410000000.0,13.0,679000000.0,580000000.0,210000000.0,-2017000000.0,-2000000.0,-30000000.0,7055000000.0,-191000000.0,4428000000.0,6.0,7.0,4.0,69.0,0.0,147000000.0,-600000000.0,3347000000.0,550000000.0,0.0,49103000000.0,2696000000.0,3918000000.0,15023000000.0,34080000000.0,49103000000.0,18031000000.0,0.0,2014.0,1.36,567647058.824,CTL,CenturyLink Inc,reports,Telecommunications Services,Integrated Telecommunications Services,"Monroe, Louisiana",,18926,1.3281634826599213,-4.2301255230125525
423,CVX,2015-12-31,21536000000.0,-59000000.0,3868000000.0,3.0,-29504000000.0,16330000000.0,43.0,11022000000.0,0.0,1832000000.0,92785000000.0,134.0,6801000000.0,44154000000.0,21037000000.0,4842000000.0,4842000000.0,-226000000.0,4684000000.0,189845000000.0,4588000000.0,29.0,37140000000.0,132000000.0,0.0,0.0,6334000000.0,166000000.0,-868000000.0,33664000000.0,29522000000.0,1170000000.0,0.0,10724000000.0,-1763000000.0,19456000000.0,2815000000.0,-23808000000.0,4587000000.0,-3609000000.0,4587000000.0,9271000000.0,12860000000.0,3340000000.0,-3710000000.0,3.0,0.0,4821000000.0,0.0,-4531000000.0,0.0,5530000000.0,7935000000.0,-1755000000.0,21037000000.0,4.0,3.0,4.0,110.0,0.0,181578000000.0,211000000.0,16473000000.0,4928000000.0,310000000.0,266103000000.0,35347000000.0,26464000000.0,152716000000.0,113387000000.0,266103000000.0,129925000000.0,-42493000000.0,2015.0,2.46,1864634146.34,CVX,Chevron Corp.,reports,Energy,Integrated Oil & Gas,"San Ramon, California",,93410,0.22043531784488854,-0.7616028272958786
425,CXO,2013-12-31,332232000.0,-40009000.0,-165349000.0,7.0,-1879670000.0,2027162000.0,0.0,21000.0,509000.0,105000.0,455436000.0,69.0,73048000.0,1348741000.0,778655000.0,575740000.0,357159000.0,0.0,0.0,8965730000.0,0.0,80.0,1864483000.0,118237000.0,28615000.0,218581000.0,0.0,-32341000.0,-49067000.0,3630421000.0,966000.0,0.0,0.0,526243000.0,-2859000.0,1362020000.0,531915000.0,-1896794000.0,251003000.0,415984000.0,251003000.0,238922000.0,501804000.0,174924000.0,617437000.0,27.0,1930000.0,19050000.0,370935000.0,0.0,6147000.0,15217000.0,97185000.0,4945000.0,778655000.0,15.0,10.0,11.0,69.0,0.0,1741566000.0,-475000.0,169815000.0,53701000.0,0.0,9591164000.0,520875000.0,756868000.0,3757949000.0,5833215000.0,9591164000.0,2319919000.0,-10884000.0,2013.0,2.39,105022175.732,CXO,Concho Resources,reports,Energy,Oil & Gas Exploration & Production,"Midland, Texas",2016-02-22,1358071,0.9660644676125195,-0.4185559511592837
427,CXO,2015-12-31,241723000.0,117716000.0,631404000.0,1.0,-2511403000.0,4628390000.0,38.0,228550000.0,-5154000.0,129000.0,541359000.0,220.0,15585000.0,1630373000.0,1230853000.0,312655000.0,97271000.0,0.0,0.0,10996065000.0,0.0,70.0,1262214000.0,31371000.0,25693000.0,215384000.0,0.0,541574000.0,-73721000.0,3332188000.0,167038000.0,0.0,0.0,-232041000.0,228529000.0,897505000.0,1300749000.0,-1969725000.0,65900000.0,-434363000.0,65900000.0,65900000.0,394580000.0,119376000.0,381003000.0,21.0,122945000.0,691420000.0,354697000.0,0.0,2150000.0,104000.0,140344000.0,-3726000.0,1230853000.0,5.0,1.0,4.0,220.0,0.0,2345641000.0,1530640000.0,230734000.0,0.0,0.0,12641876000.0,1314550000.0,596420000.0,6942551000.0,5699325000.0,12641876000.0,1803573000.0,-31609000.0,2015.0,0.54,122037037.037,CXO,Concho Resources,reports,Energy,Oil & Gas Exploration & Production,"Midland, Texas",2016-02-22,1358071,0.47996593759268025,-0.8775491243554606
433,DAL,2014-12-31,7015000000.0,-302000000.0,-484000000.0,7.0,-2249000000.0,12981000000.0,26.0,3166000000.0,172000000.0,0.0,22967000000.0,54.0,7595000000.0,2602000000.0,1771000000.0,1722000000.0,1072000000.0,0.0,0.0,21929000000.0,9794000000.0,43.0,17395000000.0,413000000.0,4603000000.0,650000000.0,852000000.0,-262000000.0,-100000000.0,8477000000.0,0.0,0.0,0.0,-1908000000.0,-756000000.0,4947000000.0,-3240000000.0,-2463000000.0,659000000.0,3009000000.0,659000000.0,659000000.0,3222000000.0,716000000.0,2206000000.0,5.0,926000000.0,701000000.0,5876000000.0,-7311000000.0,19000000.0,48000000.0,17266000000.0,-262000000.0,1771000000.0,3.0,12.0,2.0,49.0,0.0,3456000000.0,-1100000000.0,12702000000.0,3956000000.0,1217000000.0,54005000000.0,9158000000.0,16847000000.0,8813000000.0,45192000000.0,54005000000.0,40362000000.0,-313000000.0,2014.0,0.79,834177215.19,DAL,Delta Air Lines,reports,Industrials,Airlines,"Atlanta, Georgia",2013-09-11,27904,0.9618745035742653,-0.9374762808349146
438,DD,2015-12-31,9151000000.0,-448000000.0,-113000000.0,20.0,-1629000000.0,11081000000.0,60.0,5300000000.0,164000000.0,288000000.0,15112000000.0,169.0,3799000000.0,417000000.0,1466000000.0,2933000000.0,2591000000.0,-275000000.0,0.0,9784000000.0,4248000000.0,40.0,10018000000.0,696000000.0,4144000000.0,342000000.0,6140000000.0,-161000000.0,-1302000000.0,7642000000.0,688000000.0,207000000.0,0.0,2141000000.0,-1610000000.0,2316000000.0,-1823000000.0,-1828000000.0,1953000000.0,477000000.0,1953000000.0,1895000000.0,4643000000.0,0.0,3046000000.0,12.0,1116000000.0,398000000.0,0.0,-9396000000.0,-339000000.0,-38000000.0,12591000000.0,0.0,0.0,10.0,26.0,8.0,109.0,1898000000.0,14510000000.0,-2079000000.0,5074000000.0,1165000000.0,906000000.0,41166000000.0,17387000000.0,10316000000.0,9993000000.0,31173000000.0,41166000000.0,25130000000.0,-6727000000.0,2015.0,2.17,900000000.0,DD,Du Pont (E.I.),reports,Materials,Diversified Chemicals,"Wilmington, Delaware",,30554,0.7647353147203042,-0.4612413793103448
442,DE,2015-10-31,7552900000.0,1145000000.0,0.0,29.0,-2826100000.0,0.0,22.0,4162200000.0,-691400000.0,3825600000.0,20143200000.0,205.0,2767300000.0,0.0,1382400000.0,3460100000.0,2780100000.0,-187300000.0,900000.0,10151900000.0,726000000.0,30.0,8719600000.0,840100000.0,63600000.0,680000000.0,3817000000.0,629000000.0,-213700000.0,23832800000.0,303500000.0,14200000.0,0.0,1349400000.0,375200000.0,3740300000.0,-2119100000.0,-1058700000.0,1940000000.0,136900000.0,1940000000.0,1940000000.0,33719200000.0,0.0,3460100000.0,12.0,1799500000.0,0.0,0.0,-4729400000.0,-72100000.0,1138400000.0,6787700000.0,40200000.0,0.0,10.0,41.0,7.0,186.0,1425100000.0,23144800000.0,-2598600000.0,3834400000.0,13016600000.0,437400000.0,57947600000.0,42135800000.0,20569500000.0,6743400000.0,51204200000.0,57947600000.0,28862800000.0,-15497600000.0,,,,DE,Deere & Co.,reports,Industrials,Construction & Farm Machinery & Heavy Trucks,"Moline, Illinois",,315189,3.534240887386185,-0.3864060473795743
454,DGX,2014-12-31,1191000000.0,-312000000.0,4000000.0,13.0,-308000000.0,2418000000.0,11.0,192000000.0,0.0,2000000.0,4637000000.0,94.0,0.0,0.0,314000000.0,987000000.0,823000000.0,0.0,26000000.0,933000000.0,6032000000.0,38.0,2798000000.0,262000000.0,1071000000.0,164000000.0,110000000.0,11000000.0,-16000000.0,3224000000.0,46000000.0,29000000.0,0.0,371000000.0,5000000.0,938000000.0,92000000.0,-1025000000.0,556000000.0,358000000.0,556000000.0,587000000.0,1101000000.0,0.0,983000000.0,13.0,172000000.0,200000000.0,0.0,-27000000.0,-7000000.0,-728000000.0,594000000.0,2000000.0,94000000.0,11.0,19.0,7.0,87.0,0.0,5723000000.0,-54000000.0,1721000000.0,518000000.0,0.0,9857000000.0,1603000000.0,1709000000.0,4301000000.0,5556000000.0,9857000000.0,7435000000.0,-3815000000.0,2014.0,3.83,145169712.794,DGX,Quest Diagnostics,reports,Health Care,Health Care Facilities,"Madison, New Jersey",,1022079,0.7495931178795628,-0.3451118963486455
482,DLR,2014-12-31,720942000.0,-88909000.0,127783000.0,5.0,-24305000.0,3970439000.0,,52876000.0,0.0,1349000.0,603321000.0,,30821000.0,0.0,557356000.0,387229000.0,196144000.0,0.0,13289000.0,8108558000.0,0.0,63.0,1013117000.0,5238000.0,495567000.0,191085000.0,0.0,-646978000.0,24775000.0,4147176000.0,94729000.0,35982000.0,0.0,140463000.0,-15266000.0,655888000.0,-26974000.0,-644180000.0,200183000.0,-6930000.0,132718000.0,200183000.0,583574000.0,126470000.0,258666000.0,16.0,40188000.0,0.0,0.0,-1141653000.0,1324000.0,27103000.0,109999000.0,-33819000.0,538513000.0,12.0,5.0,12.0,,0.0,0.0,352733000.0,89468000.0,634429000.0,0.0,9526784000.0,0.0,0.0,3878256000.0,5648528000.0,9526784000.0,1616438000.0,0.0,2014.0,1.0,200183000.0,DLR,Digital Realty Trust,reports,Real Estate,Specialized REITs,"San Francisco, California",2016-05-18,1297996,1.0693404458086315,-0.3634637887614154
487,DLTR,2016-01-30,1264800000.0,0.0,-2100000.0,6.0,-480500000.0,2391200000.0,35.0,736100000.0,-87800000.0,2400000.0,10841700000.0,188.0,0.0,1586600000.0,552300000.0,1047600000.0,448200000.0,-900000.0,0.0,3137600000.0,5021700000.0,30.0,4656700000.0,165800000.0,3675200000.0,599400000.0,2885500000.0,29300000.0,11000000.0,7238400000.0,0.0,0.0,0.0,6203500000.0,-128000000.0,780900000.0,6070400000.0,-6978400000.0,282400000.0,86500000.0,282400000.0,282400000.0,0.0,0.0,1049700000.0,7.0,130800000.0,310300000.0,722600000.0,-43100000.0,0.0,-6527200000.0,573900000.0,-63500000.0,0.0,3.0,10.0,2.0,50.0,0.0,2056400000.0,13900000.0,3607000000.0,108000000.0,4000000.0,15901200000.0,3935900000.0,2095400000.0,4406900000.0,11494300000.0,15901200000.0,15498400000.0,0.0,2015.0,1.27,222362204.724,DLTR,Dollar Tree,reports,Consumer Discretionary,General Merchandise Stores,"Chesapeake, Virginia",2011-12-19,935703,1.6425151467017631,-0.5287049399198932
491,DNB,2015-12-31,291400000.0,-24500000.0,-6000000.0,15.0,-12800000.0,292200000.0,38.0,365700000.0,0.0,800000.0,0.0,100.0,93800000.0,0.0,98500000.0,331000000.0,280000000.0,-31100000.0,2700000.0,27200000.0,704000000.0,100.0,1637100000.0,74200000.0,428800000.0,51000000.0,0.0,-21900000.0,4400000.0,1804100000.0,4200000.0,11500000.0,0.0,171300000.0,46300000.0,343200000.0,110700000.0,-376500000.0,168800000.0,68200000.0,168800000.0,204200000.0,549200000.0,32300000.0,337000000.0,21.0,56000000.0,44700000.0,647800000.0,-965500000.0,-600000.0,-341800000.0,615600000.0,17100000.0,58700000.0,17.0,25.0,10.0,100.0,0.0,2932800000.0,8400000.0,1209100000.0,20000000.0,0.0,2273600000.0,959600000.0,959200000.0,-1116800000.0,3390400000.0,2273600000.0,1637100000.0,-3377100000.0,2015.0,4.68,36068376.0684,DNB,Dun & Bradstreet,reports,Industrials,Research & Consulting Services,"Short Hills, New Jersey",2008-12-02,1115222,-1.6154190544412608,-0.42663043478260865
495,DOV,2016-12-31,1525768000.0,-44649000.0,111287000.0,13.0,-165205000.0,946755000.0,18.0,349146000.0,25858000.0,256538000.0,4322373000.0,133.0,0.0,710173000.0,360739000.0,825733000.0,689332000.0,-4779000.0,0.0,945670000.0,4562677000.0,36.0,2471969000.0,180440000.0,1802923000.0,136401000.0,870487000.0,0.0,186819000.0,3206637000.0,0.0,0.0,0.0,909216000.0,-13039000.0,861975000.0,633608000.0,-1503843000.0,508892000.0,-178273000.0,508892000.0,508892000.0,1265201000.0,0.0,714446000.0,11.0,215530000.0,104357000.0,0.0,-359326000.0,0.0,-1338638000.0,459117000.0,2589000.0,0.0,10.0,18.0,7.0,89.0,0.0,7927795000.0,8431000.0,1757523000.0,414550000.0,0.0,10115991000.0,2589191000.0,1940318000.0,3799746000.0,6316245000.0,10115991000.0,6794342000.0,-4972016000.0,,,,DOV,Dover Corp.,reports,Industrials,Industrial Machinery,"Downers Grove, Illinois",1985-10-31,29905,0.8439082507093896,-0.4149516744095678
501,DRI,2014-05-25,423300000.0,1500000.0,0.0,13.0,-414800000.0,0.0,6.0,98300000.0,25600000.0,1302200000.0,4990500000.0,122.0,0.0,492300000.0,318200000.0,174600000.0,174600000.0,0.0,0.0,3381000000.0,872500000.0,21.0,1295100000.0,-8600000.0,574600000.0,0.0,196800000.0,5700000.0,48200000.0,2463400000.0,0.0,0.0,0.0,42000000.0,10100000.0,555400000.0,-179200000.0,-436300000.0,286200000.0,-76900000.0,286200000.0,183200000.0,207800000.0,16400000.0,308900000.0,5.0,278800000.0,1472900000.0,972600000.0,-133300000.0,0.0,-27200000.0,351600000.0,118600000.0,304400000.0,3.0,8.0,5.0,110.0,0.0,995800000.0,57600000.0,665400000.0,222600000.0,0.0,7082700000.0,1975800000.0,1618500000.0,2156900000.0,4925800000.0,7082700000.0,6285600000.0,-7800000.0,2014.0,2.18,131284403.67,DRI,Darden Restaurants,reports,Consumer Discretionary,Restaurants,"Orlando, Florida",,940944,1.1421020909638833,-0.30517115804806993
503,DRI,2016-05-29,426100000.0,-14000000.0,0.0,19.0,-228300000.0,0.0,23.0,274800000.0,11800000.0,1502600000.0,5392400000.0,69.0,0.0,504900000.0,293800000.0,449700000.0,449700000.0,0.0,0.0,2041600000.0,872300000.0,22.0,1541100000.0,90000000.0,574600000.0,0.0,175400000.0,1800000.0,43600000.0,440000000.0,0.0,0.0,0.0,-1099600000.0,-261100000.0,820400000.0,-1120800000.0,75400000.0,375000000.0,124400000.0,375000000.0,359700000.0,227300000.0,5800000.0,622200000.0,9.0,273800000.0,142800000.0,761000000.0,-90300000.0,315000000.0,301900000.0,498600000.0,23200000.0,290200000.0,6.0,23.0,5.0,54.0,0.0,547500000.0,-85500000.0,622900000.0,0.0,0.0,4582600000.0,820300000.0,1187100000.0,1952000000.0,2630600000.0,4582600000.0,6933500000.0,-7800000.0,2016.0,2.94,127551020.408,DRI,Darden Restaurants,reports,Consumer Discretionary,Restaurants,"Orlando, Florida",,940944,0.22540983606557377,-0.4714587737843552
511,DVA,2015-12-31,1255876000.0,-170106000.0,-447559000.0,6.0,-707998000.0,1118326000.0,79.0,1499116000.0,-48313000.0,217000.0,9824834000.0,188.0,0.0,726962000.0,638024000.0,723136000.0,723136000.0,-2571000.0,18325000.0,2788740000.0,9294479000.0,29.0,3957003000.0,295726000.0,1687326000.0,0.0,185575000.0,-97032000.0,256947000.0,9001308000.0,167490000.0,213392000.0,864066000.0,619698000.0,533875000.0,1557200000.0,-138970000.0,-881784000.0,269732000.0,943290000.0,269732000.0,427410000.0,2220183000.0,219474000.0,1170695000.0,8.0,73560000.0,190322000.0,682123000.0,-59826000.0,0.0,-76754000.0,439229000.0,-490052000.0,638024000.0,5.0,15.0,2.0,180.0,0.0,4356835000.0,-535518000.0,1947135000.0,461139000.0,408084000.0,18514875000.0,4503280000.0,2399138000.0,4870780000.0,13644095000.0,18514875000.0,13781837000.0,-544772000.0,2015.0,1.27,212387401.575,DVA,DaVita Inc.,reports,Health Care,Health Care Facilities,"Denver, Colorado",2008-07-31,927066,1.848021877399513,-0.6269855098919396
513,DVN,2014-12-31,2130000000.0,0.0,-113000000.0,7.0,-13450000000.0,4088000000.0,25.0,1480000000.0,0.0,41000000.0,2332000000.0,109.0,0.0,6244000000.0,3571000000.0,4585000000.0,4059000000.0,-29000000.0,0.0,36296000000.0,6303000000.0,89.0,18306000000.0,2368000000.0,0.0,526000000.0,0.0,57000000.0,79000000.0,9830000000.0,0.0,4802000000.0,0.0,-2223000000.0,-4586000000.0,6021000000.0,-2394000000.0,-8184000000.0,1607000000.0,1051000000.0,1607000000.0,1607000000.0,2481000000.0,1999000000.0,4698000000.0,23.0,1540000000.0,2537000000.0,2373000000.0,779000000.0,34000000.0,5209000000.0,2287000000.0,-371000000.0,3319000000.0,20.0,19.0,8.0,109.0,0.0,16631000000.0,416000000.0,8290000000.0,1432000000.0,0.0,50637000000.0,6498000000.0,5935000000.0,21539000000.0,29098000000.0,50637000000.0,20638000000.0,0.0,2014.0,3.93,408905852.417,DVN,Devon Energy Corp.,reports,Energy,Oil & Gas Exploration & Production,"Oklahoma City, Oklahoma",,1090012,0.456381447606667,-81.35
514,DVN,2015-12-31,906000000.0,0.0,-24000000.0,205.0,-6415000000.0,4996000000.0,70.0,2310000000.0,0.0,42000000.0,2104000000.0,122.0,0.0,888000000.0,3385000000.0,-20751000000.0,-21268000000.0,-77000000.0,0.0,19068000000.0,5032000000.0,84.0,11041000000.0,-6065000000.0,0.0,517000000.0,0.0,0.0,-6000000.0,12056000000.0,0.0,3940000000.0,0.0,1831000000.0,830000000.0,5373000000.0,1858000000.0,-6324000000.0,-14454000000.0,17223000000.0,-14454000000.0,-14454000000.0,1105000000.0,20898000000.0,-20727000000.0,158.0,1330000000.0,606000000.0,1413000000.0,230000000.0,-18000000.0,91000000.0,2223000000.0,-26000000.0,3129000000.0,162.0,302.0,110.0,122.0,0.0,1781000000.0,695000000.0,7741000000.0,976000000.0,0.0,29451000000.0,4021000000.0,3295000000.0,7049000000.0,22402000000.0,29451000000.0,13145000000.0,0.0,2015.0,-35.55,406582278.481,DVN,Devon Energy Corp.,reports,Energy,Oil & Gas Exploration & Production,"Oklahoma City, Oklahoma",,1090012,1.7103135196481771,-9.994399502177972
515,DVN,2016-12-31,642000000.0,0.0,-78000000.0,56.0,-3971000000.0,7237000000.0,75.0,1959000000.0,0.0,52000000.0,1582000000.0,144.0,0.0,648000000.0,2061000000.0,-2973000000.0,-3877000000.0,-61000000.0,0.0,16190000000.0,3964000000.0,87.0,10615000000.0,-173000000.0,0.0,904000000.0,0.0,0.0,-1000000.0,10154000000.0,0.0,4448000000.0,0.0,-2890000000.0,-351000000.0,1746000000.0,-1164000000.0,-872000000.0,-3302000000.0,3362000000.0,-3302000000.0,-3302000000.0,1356000000.0,5242000000.0,-2895000000.0,24.0,1987000000.0,457000000.0,1974000000.0,284000000.0,-278000000.0,3099000000.0,2120000000.0,28000000.0,1792000000.0,32.0,65.0,27.0,144.0,0.0,-1646000000.0,2529000000.0,6476000000.0,0.0,0.0,25913000000.0,3772000000.0,2616000000.0,5927000000.0,19986000000.0,25913000000.0,12197000000.0,0.0,,,,DVN,Devon Energy Corp.,reports,Energy,Oil & Gas Exploration & Production,"Oklahoma City, Oklahoma",,1090012,1.713176986671166,-0.7715511277155113
517,EA,2014-03-31,900000000.0,-12000000.0,0.0,0.0,-97000000.0,2353000000.0,99.0,1782000000.0,-13000000.0,3000000.0,1347000000.0,131.0,28000000.0,18000000.0,227000000.0,7000000.0,7000000.0,-10000000.0,0.0,510000000.0,1723000000.0,62.0,2228000000.0,-1000000.0,177000000.0,0.0,56000000.0,-199000000.0,425000000.0,580000000.0,0.0,0.0,0.0,0.0,490000000.0,712000000.0,89000000.0,-301000000.0,8000000.0,117000000.0,8000000.0,8000000.0,401000000.0,-1000000.0,33000000.0,1.0,140000000.0,316000000.0,1490000000.0,37000000.0,-1000000.0,-5000000.0,306000000.0,-40000000.0,16000000.0,0.0,0.0,0.0,129.0,1125000000.0,29000000.0,77000000.0,1055000000.0,0.0,583000000.0,5716000000.0,3138000000.0,2390000000.0,2422000000.0,3294000000.0,5716000000.0,3575000000.0,0.0,2014.0,0.03,266666666.667,EA,Electronic Arts,reports,Information Technology,Home Entertainment Software,"Redwood City, California",,712515,0.23947151114781173,-0.9183673469387755
521,EBAY,2014-12-31,4062000000.0,51000000.0,0.0,0.0,-622000000.0,13887000000.0,45.0,4105000000.0,0.0,2000000.0,1663000000.0,151.0,0.0,522000000.0,682000000.0,2515000000.0,2515000000.0,-148000000.0,0.0,1486000000.0,4671000000.0,81.0,7127000000.0,3380000000.0,133000000.0,0.0,0.0,-637000000.0,136000000.0,6777000000.0,5736000000.0,0.0,0.0,3482000000.0,1834000000.0,5677000000.0,-1022000000.0,-2673000000.0,46000000.0,2352000000.0,46000000.0,-865000000.0,600000000.0,0.0,2476000000.0,28.0,6575000000.0,18096000000.0,12619000000.0,1171000000.0,-221000000.0,-1414000000.0,396000000.0,-39000000.0,75000000.0,29.0,13.0,1.0,151.0,983000000.0,18900000000.0,-4358000000.0,3593000000.0,850000000.0,3730000000.0,45132000000.0,26531000000.0,17531000000.0,19906000000.0,25226000000.0,45132000000.0,8790000000.0,-14054000000.0,2014.0,0.04,1150000000.0,EBAY,eBay Inc.,reports,Information Technology,Internet Software & Services,"San Jose, California",,1065088,0.3404501155430523,-0.9838935574229692
537,EIX,2013-12-31,1765000000.0,-56000000.0,50000000.0,10.0,-3599000000.0,0.0,3.0,146000000.0,80000000.0,2403000000.0,8364000000.0,68.0,0.0,10458000000.0,1696000000.0,1765000000.0,1221000000.0,0.0,0.0,30455000000.0,0.0,34.0,4217000000.0,242000000.0,0.0,544000000.0,256000000.0,-98000000.0,45000000.0,9825000000.0,4952000000.0,1753000000.0,0.0,1183000000.0,-24000000.0,2967000000.0,581000000.0,-3572000000.0,1015000000.0,902000000.0,915000000.0,979000000.0,1855000000.0,571000000.0,1715000000.0,14.0,7927000000.0,1055000000.0,2154000000.0,-13000000.0,-48000000.0,125000000.0,9791000000.0,-715000000.0,1622000000.0,10.0,12.0,8.0,63.0,0.0,7548000000.0,-13000000.0,309000000.0,962000000.0,0.0,46646000000.0,3312000000.0,4881000000.0,9938000000.0,36708000000.0,46646000000.0,12581000000.0,0.0,2012.0,2.81,361209964.413,EIX,Edison Int'l,reports,Utilities,Electric Utilities,"Rosemead, California",,827052,0.9886295029180922,-12.032608695652174
539,EIX,2015-12-31,1382000000.0,49000000.0,115000000.0,10.0,-4225000000.0,0.0,3.0,161000000.0,14000000.0,2484000000.0,7256000000.0,54.0,0.0,10826000000.0,2005000000.0,2123000000.0,1568000000.0,0.0,0.0,35085000000.0,0.0,37.0,4268000000.0,486000000.0,0.0,555000000.0,267000000.0,374000000.0,8000000.0,10964000000.0,4618000000.0,2020000000.0,6000000.0,86000000.0,29000000.0,4509000000.0,-588000000.0,-3892000000.0,1117000000.0,-300000000.0,1020000000.0,1082000000.0,1336000000.0,5000000.0,2008000000.0,17.0,7953000000.0,890000000.0,2337000000.0,-56000000.0,-25000000.0,-41000000.0,10199000000.0,1616000000.0,1919000000.0,14.0,14.0,10.0,48.0,0.0,8940000000.0,11000000.0,336000000.0,1208000000.0,0.0,50310000000.0,2654000000.0,4927000000.0,11368000000.0,38942000000.0,50310000000.0,11524000000.0,0.0,2015.0,3.13,356869009.585,EIX,Edison Int'l,reports,Utilities,Electric Utilities,"Rosemead, California",,827052,0.9644616467276566,-0.35095874491574663
546,EMN,2014-12-31,1721000000.0,19000000.0,15000000.0,21.0,-593000000.0,1817000000.0,11.0,214000000.0,-61000000.0,2000000.0,7306000000.0,157.0,0.0,946000000.0,450000000.0,1177000000.0,990000000.0,-4000000.0,0.0,5087000000.0,4486000000.0,23.0,2221000000.0,235000000.0,2905000000.0,187000000.0,1509000000.0,0.0,-195000000.0,7248000000.0,0.0,80000000.0,0.0,3250000000.0,-23000000.0,1408000000.0,2664000000.0,-4091000000.0,751000000.0,450000000.0,751000000.0,755000000.0,1200000000.0,77000000.0,1162000000.0,12.0,421000000.0,250000000.0,0.0,-277000000.0,0.0,-3498000000.0,2266000000.0,-12000000.0,0.0,10.0,28.0,8.0,82.0,227000000.0,4545000000.0,-367000000.0,755000000.0,301000000.0,0.0,16072000000.0,3173000000.0,2022000000.0,3510000000.0,12562000000.0,16072000000.0,9527000000.0,-2577000000.0,2014.0,5.03,149304174.95,EMN,Eastman Chemical,reports,Materials,Diversified Chemicals,"Kingsport, Tennessee",1994-01-01,915389,2.064957264957265,-0.3553648068669528
551,EMR,2016-09-30,3823000000.0,-162000000.0,0.0,22.0,-447000000.0,205000000.0,40.0,3182000000.0,-58000000.0,477000000.0,8260000000.0,124.0,0.0,0.0,568000000.0,2504000000.0,2316000000.0,-82000000.0,0.0,6761000000.0,3909000000.0,43.0,6262000000.0,697000000.0,902000000.0,188000000.0,1208000000.0,0.0,-123000000.0,4062000000.0,0.0,50000000.0,0.0,-198000000.0,128000000.0,2881000000.0,-2045000000.0,-626000000.0,1664000000.0,174000000.0,1635000000.0,1619000000.0,2701000000.0,0.0,2504000000.0,17.0,211000000.0,2869000000.0,1601000000.0,-1999000000.0,-19000000.0,-179000000.0,2055000000.0,436000000.0,0.0,16.0,31.0,11.0,109.0,0.0,21716000000.0,-601000000.0,3758000000.0,2584000000.0,0.0,21743000000.0,9960000000.0,8008000000.0,7568000000.0,14175000000.0,21743000000.0,14522000000.0,-12831000000.0,2016.0,2.53,657707509.881,EMR,Emerson Electric Company,reports,Industrials,Industrial Conglomerates,"Ferguson, Missouri",1965-03-31,32604,0.5367336152219874,-0.39114526161727037
555,EOG,2015-12-31,1657117000.0,641412000.0,1916000.0,35.0,-5013163000.0,2923461000.0,39.0,718506000.0,58450000.0,205502000.0,2177757000.0,142.0,0.0,4587902000.0,3313644000.0,-6684163000.0,-6921556000.0,-14537000.0,0.0,24210721000.0,0.0,75.0,6579671000.0,-2397041000.0,0.0,237393000.0,598935000.0,0.0,-1463656000.0,6653685000.0,0.0,0.0,0.0,737836000.0,-1368707000.0,3595165000.0,370921000.0,-5320256000.0,-4524515000.0,4951920000.0,-4524515000.0,-4524515000.0,1119126000.0,6777786000.0,-6686079000.0,76.0,172279000.0,155677000.0,155591000.0,-33338000.0,26191000.0,-307093000.0,971335000.0,617910000.0,3313644000.0,79.0,53.0,52.0,110.0,0.0,9870816000.0,-26101000.0,3174320000.0,6579000.0,0.0,26975244000.0,2592244000.0,1819287000.0,12943035000.0,14032209000.0,26975244000.0,8757428000.0,-23406000.0,2015.0,-8.29,545779855.247,EOG,EOG Resources,reports,Energy,Oil & Gas Exploration & Production,"Houston, Texas",,821189,0.5140745582469645,-2.5518899586930073
557,EQIX,2013-12-31,327824000.0,-27956000.0,-99861000.0,4.0,-646738000.0,2693887000.0,116.0,261894000.0,0.0,50000.0,1064403000.0,163.0,0.0,0.0,456339000.0,361071000.0,112279000.0,-521000.0,0.0,4591650000.0,1042153000.0,51.0,1088363000.0,16156000.0,184182000.0,248792000.0,0.0,-479136000.0,-79681000.0,4087934000.0,398390000.0,0.0,123902000.0,685405000.0,9681000.0,604608000.0,574907000.0,-1169313000.0,94685000.0,196636000.0,94685000.0,-13816000.0,184840000.0,6018000.0,460932000.0,21.0,387324000.0,72118000.0,147958000.0,-113767000.0,-97864000.0,-43439000.0,274955000.0,-36853000.0,0.0,5.0,5.0,4.0,163.0,0.0,-36443000.0,-16907000.0,621413000.0,70722000.0,369808000.0,7492359000.0,888660000.0,546504000.0,2459064000.0,5033295000.0,7492359000.0,2152766000.0,-84663000.0,2013.0,1.92,49315104.1667,EQIX,Equinix,reports,Real Estate,REITs,"Redwood City, California",2015-03-20,1101239,1.6623943093795037,-0.32381380866683807
558,EQIX,2014-12-31,400265000.0,-101966000.0,-153980000.0,11.0,-676994000.0,3334305000.0,178.0,613974000.0,0.0,57000.0,1197885000.0,232.0,0.0,0.0,500358000.0,355286000.0,84733000.0,-11959000.0,0.0,4998270000.0,1002129000.0,51.0,1245891000.0,345459000.0,147527000.0,270553000.0,0.0,239551000.0,275847000.0,4563126000.0,439000.0,0.0,0.0,807810000.0,349023000.0,689420000.0,107401000.0,-435839000.0,-259547000.0,282403000.0,-259547000.0,-416537000.0,262570000.0,2506000.0,509266000.0,21.0,142670000.0,85004000.0,162664000.0,-332443000.0,-116517000.0,1604000.0,304964000.0,-6496000.0,0.0,3.0,4.0,11.0,232.0,0.0,-720377000.0,-494914000.0,734119000.0,80828000.0,529395000.0,7781978000.0,1490943000.0,643757000.0,2270131000.0,5511847000.0,7781978000.0,2443776000.0,-11411000.0,2014.0,-4.96,52328024.1935,EQIX,Equinix,reports,Real Estate,REITs,"Redwood City, California",2015-03-20,1101239,2.010071665467764,-3.7411628029782964
559,EQIX,2015-12-31,504055000.0,-44583000.0,-57289000.0,7.0,-906402000.0,4838444000.0,164.0,2708255000.0,0.0,62000.0,1291506000.0,197.0,0.0,0.0,541630000.0,510053000.0,210998000.0,-15127000.0,0.0,5606436000.0,1063200000.0,53.0,1434361000.0,23224000.0,224565000.0,299055000.0,0.0,514108000.0,126114000.0,5564542000.0,4584000.0,0.0,0.0,1553175000.0,1617921000.0,894793000.0,1873182000.0,-1134927000.0,187774000.0,154229000.0,187774000.0,187485000.0,291964000.0,41723000.0,567342000.0,21.0,198630000.0,246186000.0,195821000.0,-509059000.0,0.0,-742633000.0,390413000.0,-70371000.0,0.0,8.0,8.0,7.0,197.0,0.0,-1576688000.0,859536000.0,825296000.0,956478000.0,12875000.0,10356695000.0,3259280000.0,1656354000.0,2745386000.0,7611309000.0,10356695000.0,2725867000.0,-7373000.0,2015.0,3.25,57776615.3846,EQIX,Equinix,reports,Real Estate,REITs,"Redwood City, California",2015-03-20,1101239,2.0268705384233767,-1.7234681965116145
562,EQR,2014-12-31,431696000.0,0.0,213351000.0,6.0,-1191619000.0,8536340000.0,,112383000.0,0.0,3629000.0,883564000.0,,58380000.0,0.0,775985000.0,1134726000.0,666447000.0,0.0,-7952000.0,22242578000.0,0.0,66.0,1731184000.0,1394000.0,0.0,468279000.0,0.0,69102000.0,37465000.0,10511861000.0,105434000.0,339320000.0,500733000.0,42181000.0,-13454000.0,1324073000.0,-692861000.0,-644666000.0,631308000.0,-173586000.0,627163000.0,657101000.0,0.0,0.0,921375000.0,35.0,383754000.0,0.0,0.0,-172152000.0,-49000.0,477851000.0,389915000.0,25526000.0,758861000.0,25.0,6.0,24.0,,0.0,1950639000.0,84333000.0,50948000.0,408633000.0,48085000.0,22950614000.0,0.0,0.0,10368456000.0,12582158000.0,22950614000.0,2614748000.0,0.0,2014.0,1.736,363656682.028,EQR,Equity Residential,reports,Real Estate,REITs,"Chicago, Illinois",,906107,1.013830892468464,-0.6551384700097727
566,EQT,2015-12-31,291550000.0,131031000.0,395715000.0,2.0,-2434018000.0,0.0,201.0,1601232000.0,0.0,2153280000.0,523043000.0,283.0,0.0,1972170000.0,819216000.0,573092000.0,426561000.0,0.0,0.0,11472021000.0,0.0,73.0,1430957000.0,104675000.0,0.0,146531000.0,0.0,0.0,-37623000.0,2793343000.0,77025000.0,2950251000.0,0.0,129996000.0,523803000.0,1216940000.0,1832470000.0,-2525607000.0,85171000.0,33222000.0,85171000.0,321886000.0,176957000.0,184439000.0,177377000.0,9.0,176107000.0,472830000.0,181835000.0,46378000.0,-10048000.0,-91589000.0,386798000.0,-50792000.0,819216000.0,22.0,8.0,4.0,283.0,0.0,2982212000.0,1852591000.0,249925000.0,322434000.0,0.0,13976172000.0,2251019000.0,795819000.0,5077791000.0,8898381000.0,13976172000.0,1954000000.0,-104079000.0,2015.0,0.56,152091071.429,EQT,EQT Corporation,reports,Energy,Oil & Gas Exploration & Production,"Pittsburgh, Pennsylvania",2008-12-19,33213,0.5501098804578605,-0.7798999909552544
567,EQT,2016-12-31,309978000.0,-165507000.0,-209273000.0,8.0,-2590733000.0,0.0,173.0,1103540000.0,0.0,3440185000.0,613909000.0,227.0,0.0,1760004000.0,927920000.0,-246607000.0,-394527000.0,0.0,0.0,13162216000.0,0.0,67.0,1243430000.0,-263464000.0,0.0,147920000.0,0.0,-284882000.0,40548000.0,3289459000.0,259562000.0,3258966000.0,0.0,187301000.0,-497692000.0,1064320000.0,1399469000.0,-2961481000.0,-452983000.0,441735000.0,-452983000.0,-131063000.0,341628000.0,80097000.0,-37334000.0,2.0,222925000.0,96655000.0,236719000.0,2042000.0,-20766000.0,-85866000.0,499572000.0,-49313000.0,927920000.0,21.0,7.0,24.0,227.0,0.0,2509073000.0,1443071000.0,272747000.0,257943000.0,286396000.0,15472922000.0,1828219000.0,804640000.0,5860281000.0,9612641000.0,15472922000.0,1857339000.0,-91019000.0,,,,EQT,EQT Corporation,reports,Energy,Oil & Gas Exploration & Production,"Pittsburgh, Pennsylvania",2008-12-19,33213,0.5613142100182568,-6.318512169635205
577,ETFC,2013-12-31,16156000000.0,-731000000.0,0.0,2.0,-47000000.0,7328000000.0,,2904000000.0,0.0,3000000.0,0.0,,0.0,0.0,395000000.0,547000000.0,195000000.0,0.0,4000000.0,237000000.0,1792000000.0,100.0,1466000000.0,109000000.0,216000000.0,352000000.0,0.0,265000000.0,1491000000.0,0.0,23834000000.0,0.0,0.0,88000000.0,-924000000.0,1117000000.0,-2327000000.0,286000000.0,86000000.0,350000000.0,86000000.0,90000000.0,14476000000.0,340000000.0,191000000.0,13.0,2821000000.0,0.0,25971000000.0,-453000000.0,-2420000000.0,62000000.0,2832000000.0,-474000000.0,256000000.0,13.0,4.0,6.0,,0.0,-2022000000.0,5000000.0,888000000.0,4543000000.0,0.0,46280000000.0,0.0,0.0,4856000000.0,41424000000.0,46280000000.0,1466000000.0,0.0,2013.0,0.3,286666666.667,ETFC,E*Trade,reports,Financials,Investment Banking & Brokerage,"New York, New York",2004-03-31,1015780,0.0,-1.7610619469026547
587,ETR,2015-12-31,1538953000.0,26707000.0,323637000.0,2.0,-2500860000.0,5403758000.0,44.0,1350961000.0,-12376000.0,2548000.0,7449273000.0,132.0,293805000.0,8541165000.0,2117236000.0,-129565000.0,-799661000.0,0.0,0.0,28044360000.0,377172000.0,35.0,4063978000.0,-642927000.0,0.0,670096000.0,1091167000.0,-58211000.0,-520388000.0,13138557000.0,5822998000.0,0.0,318185000.0,-63376000.0,-71065000.0,3291184000.0,-753467000.0,-2608782000.0,-156734000.0,1130519000.0,-176562000.0,-156734000.0,1068900000.0,2104906000.0,-299165000.0,3.0,6041934000.0,556384000.0,839574000.0,8951000.0,-9136000.0,-74110000.0,10303025000.0,706220000.0,1337276000.0,7.0,9.0,1.0,96.0,0.0,9393913000.0,-62300000.0,1074998000.0,711431000.0,0.0,44647681000.0,4067412000.0,3089958000.0,9256791000.0,35390890000.0,44647681000.0,11513251000.0,-5552379000.0,2015.0,-0.99,158317171.717,ETR,Entergy Corp.,reports,Utilities,Electric Utilities,"New Orleans, Louisiana",,65984,1.419342512972368,-1.163220887741511
591,EW,2015-12-31,476200000.0,-38300000.0,3900000.0,20.0,-102700000.0,946800000.0,257.0,718400000.0,-67700000.0,239100000.0,617200000.0,430.0,180500000.0,0.0,65800000.0,639600000.0,622400000.0,-10400000.0,0.0,482500000.0,628300000.0,75.0,1876500000.0,127500000.0,205400000.0,17200000.0,339900000.0,119600000.0,163900000.0,599900000.0,383500000.0,0.0,0.0,1900000.0,64600000.0,549700000.0,-158600000.0,-316100000.0,494900000.0,-75400000.0,494900000.0,494900000.0,344100000.0,7000000.0,635700000.0,25.0,131200000.0,139200000.0,0.0,-182600000.0,-8900000.0,-333000000.0,480100000.0,6500000.0,0.0,25.0,25.0,20.0,359.0,383100000.0,3336800000.0,-192900000.0,850700000.0,0.0,506300000.0,4059300000.0,2047900000.0,476200000.0,2503100000.0,1556200000.0,4059300000.0,2493700000.0,-1837000000.0,2015.0,2.3,215173913.043,EW,Edwards Lifesciences,reports,Health Care,Health Care Equipment,"Irvine, California",2011-04-01,1099800,0.23966281810554912,-0.3898409567254346
595,EXC,2016-12-31,6909000000.0,-498000000.0,365000000.0,4.0,-8553000000.0,0.0,7.0,888000000.0,7000000.0,18794000000.0,22688000000.0,92.0,113000000.0,18530000000.0,5576000000.0,3525000000.0,1989000000.0,0.0,-24000000.0,71555000000.0,6677000000.0,28.0,8672000000.0,761000000.0,0.0,1536000000.0,1638000000.0,-6444000000.0,374000000.0,32216000000.0,12182000000.0,1775000000.0,0.0,2205000000.0,-5867000000.0,8445000000.0,1191000000.0,-15503000000.0,1134000000.0,2146000000.0,1134000000.0,1134000000.0,5359000000.0,0.0,3112000000.0,10.0,11965000000.0,4527000000.0,2569000000.0,-2660000000.0,-85000000.0,-134000000.0,23089000000.0,-364000000.0,3936000000.0,6.0,8.0,4.0,80.0,0.0,12030000000.0,-135000000.0,1576000000.0,3979000000.0,0.0,114904000000.0,12412000000.0,13457000000.0,25837000000.0,89067000000.0,114904000000.0,31360000000.0,-2327000000.0,,,,EXC,Exelon Corp.,reports,Utilities,MultiUtilities,"Chicago, Illinois",,1109357,1.2468939892402369,-0.500220361392684
603,EXPE,2016-12-31,3226890000.0,-276154000.0,-11954000.0,7.0,-749348000.0,8794298000.0,31.0,1815544000.0,0.0,23000.0,1596698000.0,56.0,23658000.0,484970000.0,1036619000.0,449748000.0,276600000.0,-34882000.0,0.0,1394904000.0,7942023000.0,82.0,7176866000.0,15315000.0,2446652000.0,173148000.0,0.0,-37506000.0,213681000.0,3159336000.0,520058000.0,1560802000.0,0.0,-403517000.0,120512000.0,1564334000.0,-690619000.0,-718321000.0,281848000.0,97699000.0,281848000.0,281848000.0,1362649000.0,117295000.0,461702000.0,5.0,0.0,199745000.0,2900308000.0,-280399000.0,177760000.0,68533000.0,312939000.0,231204000.0,317141000.0,3.0,7.0,3.0,56.0,0.0,129034000.0,-314703000.0,6280728000.0,0.0,72313000.0,15777546000.0,3450251000.0,6127198000.0,4132301000.0,11645245000.0,15777546000.0,8773564000.0,-4510655000.0,,,,EXPE,Expedia Inc.,reports,Consumer Discretionary,Internet & Direct Marketing Retail,"Bellevue, Washington",2007-10-02,1324424,0.7645464355089332,-0.6313134021832262
609,F,2014-12-31,20035000000.0,-2896000000.0,424000000.0,5.0,-7463000000.0,21089000000.0,155.0,10757000000.0,-936000000.0,40000000.0,131903000000.0,658.0,14024000000.0,570000000.0,7423000000.0,2031000000.0,1234000000.0,-517000000.0,1275000000.0,53343000000.0,0.0,8.0,12174000000.0,4000000.0,0.0,797000000.0,7870000000.0,38348000000.0,5729000000.0,119171000000.0,3357000000.0,27000000.0,342000000.0,7314000000.0,-3711000000.0,14507000000.0,3423000000.0,-21124000000.0,1231000000.0,4424000000.0,1231000000.0,2506000000.0,92819000000.0,0.0,332000000.0,0.0,6052000000.0,0.0,0.0,-5265000000.0,25000000.0,-52009000000.0,44032000000.0,-467000000.0,0.0,1.0,5.0,1.0,619.0,0.0,9422000000.0,-1964000000.0,11842000000.0,0.0,20393000000.0,208615000000.0,131839000000.0,20035000000.0,24438000000.0,184177000000.0,208615000000.0,144077000000.0,-848000000.0,2014.0,0.81,1519753086.42,F,Ford Motor,reports,Consumer Discretionary,Automobile Manufacturers,"Dearborn, Michigan",,37996,4.876462885669858,-0.8970133020998913
611,F,2016-12-31,21296000000.0,-2855000000.0,1794000000.0,16.0,-6992000000.0,21630000000.0,43.0,15905000000.0,-815000000.0,41000000.0,135488000000.0,120.0,9705000000.0,691000000.0,8717000000.0,7690000000.0,6796000000.0,-265000000.0,1780000000.0,60901000000.0,0.0,11.0,16312000000.0,2189000000.0,0.0,894000000.0,8898000000.0,37585000000.0,6595000000.0,93301000000.0,53228000000.0,17000000.0,96000000.0,11028000000.0,1633000000.0,19792000000.0,7458000000.0,-25352000000.0,4596000000.0,3544000000.0,4596000000.0,6376000000.0,57368000000.0,0.0,4116000000.0,3.0,5656000000.0,3368000000.0,19316000000.0,-7013000000.0,-49000000.0,-55945000000.0,24395000000.0,-1000000.0,0.0,4.0,23.0,3.0,110.0,0.0,15634000000.0,-145000000.0,12196000000.0,49669000000.0,22922000000.0,237951000000.0,108461000000.0,90281000000.0,29170000000.0,208781000000.0,237951000000.0,151800000000.0,-1122000000.0,,,,F,Ford Motor,reports,Consumer Discretionary,Automobile Manufacturers,"Dearborn, Michigan",,37996,3.1985258827562566,-0.37664451376644514
622,FBHS,2014-12-31,333800000.0,-39900000.0,-1200000.0,7.0,-127500000.0,2517300000.0,27.0,191900000.0,14500000.0,1700000.0,2646700000.0,186.0,0.0,150600000.0,98800000.0,402300000.0,391900000.0,-4600000.0,0.0,539800000.0,1467800000.0,34.0,1366900000.0,118300000.0,656500000.0,10400000.0,462200000.0,0.0,-95600000.0,643700000.0,0.0,3600000.0,0.0,313800000.0,-49500000.0,253700000.0,-147500000.0,-151100000.0,158100000.0,141000000.0,158100000.0,273600000.0,458900000.0,7000000.0,403500000.0,10.0,89700000.0,186100000.0,339500000.0,-6700000.0,-2200000.0,-23600000.0,295900000.0,-24400000.0,13100000.0,10.0,17.0,4.0,120.0,0.0,279500000.0,-410900000.0,943300000.0,26300000.0,0.0,4052900000.0,1299100000.0,699600000.0,2259500000.0,1793400000.0,4052900000.0,4013600000.0,-532300000.0,2014.0,0.98,161326530.612,FBHS,Fortune Brands Home & Security,reports,Industrials,Building Products,"Deerfield, Illinois",2016-06-22,1519751,0.28488603673379065,-0.31171092729647365
626,FCX,2014-12-31,4398000000.0,215000000.0,826000000.0,3.0,-7215000000.0,22281000000.0,9.0,464000000.0,-249000000.0,117000000.0,19504000000.0,175.0,0.0,6398000000.0,4063000000.0,850000000.0,220000000.0,0.0,3000000.0,47673000000.0,0.0,9.0,1934000000.0,324000000.0,0.0,630000000.0,5361000000.0,0.0,-598000000.0,18371000000.0,0.0,4187000000.0,751000000.0,-1596000000.0,-1521000000.0,5631000000.0,-3351000000.0,-3801000000.0,-551000000.0,2945000000.0,-1308000000.0,-551000000.0,2563000000.0,1836000000.0,97000000.0,0.0,1956000000.0,657000000.0,296000000.0,-544000000.0,0.0,3414000000.0,5508000000.0,0.0,0.0,1.0,1.0,3.0,71.0,126000000.0,128000000.0,0.0,592000000.0,478000000.0,0.0,58674000000.0,9045000000.0,5172000000.0,18287000000.0,40387000000.0,58674000000.0,21438000000.0,-3695000000.0,2014.0,-1.26,437301587.302,FCX,Freeport-McMoran Cp & Gld,reports,Materials,Copper,"Phoenix, Arizona",,831259,1.0045934270246624,-1.2055970149253732
630,FDX,2015-05-31,5937000000.0,-392000000.0,-5000000.0,7.0,-4347000000.0,2786000000.0,63.0,3763000000.0,0.0,32000000.0,16984000000.0,174.0,0.0,2102000000.0,2611000000.0,1862000000.0,1627000000.0,-108000000.0,0.0,20875000000.0,3810000000.0,64.0,30469000000.0,577000000.0,0.0,235000000.0,498000000.0,0.0,-33000000.0,7249000000.0,0.0,0.0,0.0,2486000000.0,855000000.0,5366000000.0,1349000000.0,-5752000000.0,1050000000.0,2142000000.0,1050000000.0,1050000000.0,5719000000.0,276000000.0,1867000000.0,4.0,1511000000.0,355000000.0,0.0,172000000.0,-27000000.0,-1405000000.0,6231000000.0,-12000000.0,2611000000.0,3.0,11.0,2.0,165.0,0.0,16900000000.0,-934000000.0,25715000000.0,19000000.0,0.0,36531000000.0,10335000000.0,5956000000.0,14993000000.0,21538000000.0,36531000000.0,47453000000.0,-4897000000.0,2015.0,3.7,283783783.784,FDX,FedEx Corporation,reports,Industrials,Air Freight & Logistics,"Memphis, Tennessee",1980-12-31,1048911,0.483492296404989,-0.5481927710843373
633,FE,2013-12-31,2086000000.0,-114000000.0,-99000000.0,3.0,-2638000000.0,9776000000.0,3.0,218000000.0,96000000.0,42000000.0,6459000000.0,53.0,1548000000.0,7826000000.0,2022000000.0,1483000000.0,570000000.0,0.0,0.0,33487000000.0,6418000000.0,57.0,8433000000.0,195000000.0,0.0,913000000.0,752000000.0,-72000000.0,7000000.0,16121000000.0,3104000000.0,3000000.0,0.0,1470000000.0,46000000.0,2662000000.0,477000000.0,-3093000000.0,392000000.0,429000000.0,392000000.0,375000000.0,2284000000.0,795000000.0,1582000000.0,11.0,1854000000.0,759000000.0,621000000.0,284000000.0,-73000000.0,-383000000.0,6145000000.0,-170000000.0,1741000000.0,4.0,4.0,3.0,43.0,0.0,2590000000.0,0.0,4315000000.0,4930000000.0,0.0,50424000000.0,4013000000.0,7637000000.0,12692000000.0,37732000000.0,50424000000.0,14892000000.0,0.0,2013.0,0.94,417021276.596,FE,FirstEnergy Corp,reports,Utilities,Electric Utilities,"Akron, Ohio",,1031296,1.2701701859439016,-0.49090909090909096
659,FLR,2016-12-31,3733786000.0,0.0,17046000.0,9.0,-235904000.0,38317000.0,51.0,1850436000.0,0.0,1393000.0,18246209000.0,147.0,802596000.0,0.0,265999000.0,616289000.0,546600000.0,-53668000.0,0.0,1017223000.0,532239000.0,4.0,790316000.0,219151000.0,0.0,69689000.0,1537289000.0,-356112000.0,0.0,1517949000.0,883938000.0,117640000.0,0.0,184419000.0,-99450000.0,705919000.0,-10350000.0,-741351000.0,281401000.0,-22922000.0,281401000.0,327449000.0,1700224000.0,0.0,599243000.0,3.0,370151000.0,411284000.0,0.0,-496669000.0,-18369000.0,-149335000.0,639608000.0,135393000.0,0.0,3.0,17.0,1.0,107.0,0.0,3582150000.0,3012000.0,191073000.0,82243000.0,111037000.0,9216417000.0,5610270000.0,3816029000.0,3125191000.0,6091226000.0,9216417000.0,19036525000.0,0.0,,,,FLR,Fluor Corp.,reports,Industrials,Diversified Commercial Services,"Irving, Texas",1980-03-31,1124198,0.485713993160738,-0.3178356023582344
662,FLS,2015-12-31,1288142000.0,50441000.0,-38102000.0,16.0,-181861000.0,494961000.0,27.0,366444000.0,-26232000.0,220991000.0,3073712000.0,184.0,69327000.0,0.0,127087000.0,487466000.0,422196000.0,-37025000.0,9861000.0,758427000.0,1223986000.0,33.0,1487318000.0,148922000.0,228777000.0,65270000.0,995565000.0,0.0,-101670000.0,1560562000.0,0.0,17256000.0,0.0,455809000.0,-83906000.0,418102000.0,60312000.0,-525295000.0,267669000.0,100891000.0,267669000.0,277530000.0,988391000.0,0.0,525568000.0,12.0,224330000.0,125410000.0,0.0,-529810000.0,99000.0,-343434000.0,387786000.0,-5689000.0,0.0,9.0,25.0,6.0,110.0,0.0,3587120000.0,-303651000.0,971611000.0,60434000.0,0.0,4980657000.0,2475810000.0,1348576000.0,1666477000.0,3314180000.0,4980657000.0,4561030000.0,-2106785000.0,2015.0,2.01,133168656.716,FLS,Flowserve Corporation,reports,Industrials,Industrial Machinery,"Irving, Texas",2008-10-02,30625,0.9364437673007189,-0.4840851618275176
663,FLS,2016-12-31,1092776000.0,37695000.0,6105000.0,9.0,-89699000.0,491848000.0,31.0,367162000.0,30877000.0,220991000.0,2759908000.0,198.0,87178000.0,0.0,116752000.0,283560000.0,223423000.0,-4568000.0,11223000.0,723628000.0,1205054000.0,31.0,1231554000.0,75286000.0,214527000.0,60137000.0,919251000.0,0.0,-151127000.0,1485258000.0,0.0,20961000.0,0.0,-36956000.0,718000.0,227594000.0,-130839000.0,-91469000.0,145060000.0,109802000.0,145060000.0,156283000.0,894749000.0,0.0,277455000.0,7.0,181014000.0,150199000.0,0.0,-618241000.0,1386000.0,-1770000.0,410168000.0,-64542000.0,0.0,6.0,14.0,4.0,120.0,0.0,3632163000.0,0.0,965322000.0,85365000.0,0.0,4742762000.0,2331361000.0,1178141000.0,1648234000.0,3094528000.0,4742762000.0,3991462000.0,-2078527000.0,,,,FLS,Flowserve Corporation,reports,Industrials,Industrial Machinery,"Irving, Texas",2008-10-02,30625,0.9011208359978012,-0.45806200942208475
673,FSLR,2013-12-31,705883000.0,570731000.0,12456000.0,8.0,-282576000.0,2646022000.0,111.0,1325072000.0,15394000.0,100000.0,2444984000.0,239.0,296603000.0,0.0,234370000.0,382863000.0,380979000.0,3594000.0,-163000.0,1514748000.0,84985000.0,26.0,864632000.0,30098000.0,117416000.0,1884000.0,388951000.0,-341828000.0,-196474000.0,162780000.0,17321000.0,0.0,0.0,-334954000.0,423778000.0,856126000.0,101164000.0,-537106000.0,350718000.0,80535000.0,350718000.0,350718000.0,721605000.0,89664000.0,370407000.0,11.0,1059665000.0,918034000.0,821635000.0,-25776000.0,-27148000.0,87298000.0,629544000.0,-199148000.0,0.0,12.0,8.0,11.0,214.0,134300000.0,1882771000.0,428190000.0,270261000.0,60543000.0,439102000.0,6883502000.0,3792764000.0,1588061000.0,4503117000.0,2380385000.0,6883502000.0,3309616000.0,0.0,2013.0,3.77,93028647.2149,FSLR,First Solar Inc,reports,Information Technology,Semiconductors,"Tempe, Arizona",2009-10-16,1274494,0.036148294614596954,-4.640494924121323
677,FTR,2013-12-31,831203000.0,50000000.0,-136000000.0,1.0,-635000000.0,4321056000.0,68.0,880039000.0,0.0,256997000.0,0.0,124.0,0.0,2417108000.0,1182000000.0,830000000.0,163000000.0,0.0,0.0,7255762000.0,6337719000.0,100.0,4762000000.0,48000000.0,1214932000.0,667000000.0,0.0,31000000.0,-6000000.0,7873667000.0,0.0,0.0,0.0,-813000000.0,-447000000.0,1496000000.0,-1400000000.0,-543000000.0,-47000000.0,235000000.0,113000000.0,-47000000.0,670227000.0,10000000.0,981000000.0,21.0,208232000.0,68573000.0,212468000.0,-260530000.0,-168000000.0,61000000.0,987641000.0,-80000000.0,1170000000.0,3.0,4.0,1.0,124.0,0.0,76108000.0,0.0,2616000000.0,257916000.0,0.0,16635484000.0,1618839000.0,1301587000.0,4055481000.0,12580003000.0,16635484000.0,4762000000.0,-338150000.0,2013.0,0.11,-427272727.273,FTR,Frontier Communications,reports,Telecommunications Services,Integrated Telecommunications Services,"Stamford, Connecticut",,20520,1.9414878284474764,-2.015711105828453
678,FTR,2014-12-31,976000000.0,-61000000.0,39000000.0,4.0,-688000000.0,3990000000.0,45.0,682000000.0,0.0,257000000.0,0.0,94.0,0.0,2868000000.0,1149000000.0,859000000.0,163000000.0,0.0,0.0,8566000000.0,7205000000.0,100.0,4772000000.0,30000000.0,1500000000.0,696000000.0,0.0,11000000.0,90000000.0,9393000000.0,0.0,0.0,0.0,1651000000.0,-198000000.0,1270000000.0,1208000000.0,-2676000000.0,133000000.0,-88000000.0,133000000.0,133000000.0,672000000.0,142000000.0,820000000.0,17.0,124000000.0,61000000.0,238000000.0,-404000000.0,-2000000.0,-1999000000.0,1379000000.0,47000000.0,1139000000.0,3.0,4.0,3.0,94.0,0.0,109000000.0,0.0,2671000000.0,298000000.0,0.0,18810000000.0,1415000000.0,1512000000.0,3658000000.0,15152000000.0,18810000000.0,4772000000.0,-294000000.0,2014.0,0.13,1023076923.08,FTR,Frontier Communications,reports,Telecommunications Services,Integrated Telecommunications Services,"Stamford, Connecticut",,20520,2.5677966101694913,-3.8297872340425534
679,FTR,2015-12-31,1150000000.0,62000000.0,7000000.0,3.0,-863000000.0,6034000000.0,496.0,9380000000.0,0.0,298000000.0,0.0,535.0,0.0,2666000000.0,1511000000.0,752000000.0,-361000000.0,0.0,0.0,8493000000.0,7166000000.0,100.0,5576000000.0,-165000000.0,1143000000.0,1113000000.0,0.0,-8444000000.0,102000000.0,15508000000.0,0.0,0.0,0.0,6305000000.0,254000000.0,1301000000.0,8275000000.0,-9322000000.0,-196000000.0,-130000000.0,-316000000.0,-196000000.0,651000000.0,236000000.0,745000000.0,13.0,151000000.0,100000000.0,359000000.0,-353000000.0,0.0,-15000000.0,1403000000.0,-48000000.0,1320000000.0,6.0,6.0,4.0,535.0,0.0,-87000000.0,2665000000.0,3275000000.0,384000000.0,0.0,27084000000.0,10131000000.0,1893000000.0,5614000000.0,21470000000.0,27084000000.0,5576000000.0,-278000000.0,2015.0,-0.29,675862068.966,FTR,Frontier Communications,reports,Telecommunications Services,Integrated Telecommunications Services,"Stamford, Connecticut",,20520,2.7623797648735304,-2.473684210526316
685,GGP,2013-12-31,1122876000.0,1697000.0,143146000.0,4.0,-950311000.0,11372443000.0,,577271000.0,0.0,9395000.0,815095000.0,,189452000.0,24667000.0,826855000.0,1020041000.0,296889000.0,0.0,68756000.0,21113414000.0,0.0,67.0,1670922000.0,345000.0,0.0,723152000.0,0.0,110814000.0,-80902000.0,15878637000.0,2407698000.0,82142000.0,228902000.0,325046000.0,-47544000.0,889531000.0,-1103935000.0,166860000.0,302528000.0,-195613000.0,288450000.0,328821000.0,478899000.0,3920000.0,840416000.0,34.0,995569000.0,0.0,0.0,-38173000.0,26920000.0,1006357000.0,321958000.0,20295000.0,749722000.0,12.0,4.0,12.0,,0.0,-2915723000.0,-957436000.0,76864000.0,0.0,0.0,25762303000.0,0.0,0.0,8103121000.0,17659182000.0,25762303000.0,2486017000.0,-566863000.0,,,,GGP,General Growth Properties Inc.,reports,Real Estate,Retail REITs,"Chicago, Illinois",2013-12-10,895648,1.9595705161011419,-1.6286518173109492
694,GIS,2015-05-31,1684000000.0,-6800000.0,0.0,24.0,-712400000.0,1296700000.0,7.0,334200000.0,24200000.0,75500000.0,11681100000.0,75.0,0.0,1450200000.0,588300000.0,1761900000.0,1761900000.0,-88900000.0,84300000.0,3783300000.0,8874900000.0,34.0,5949200000.0,586800000.0,4677000000.0,0.0,1540900000.0,-74500000.0,282600000.0,7575300000.0,0.0,396000000.0,778900000.0,1107400000.0,-533100000.0,2542800000.0,-1384800000.0,-1602200000.0,1221300000.0,618300000.0,1221300000.0,1221300000.0,1386700000.0,543900000.0,2077300000.0,12.0,811200000.0,423800000.0,1589900000.0,-2310700000.0,-16100000.0,-815300000.0,1744800000.0,127300000.0,0.0,10.0,35.0,7.0,44.0,0.0,11990800000.0,-998200000.0,3328000000.0,1616200000.0,0.0,21832000000.0,3685600000.0,4890100000.0,4996700000.0,16835300000.0,21832000000.0,17630300000.0,-6055600000.0,2015.0,2.02,604603960.396,GIS,General Mills,reports,Consumer Staples,Packaged Foods & Meats,"Golden Valley, Minnesota",1969-03-31,40704,1.5160605999959973,-0.33057443543082654
698,GLW,2015-12-31,2242000000.0,162000000.0,5000000.0,7.0,-1250000000.0,13352000000.0,163.0,4500000000.0,-77000000.0,840000000.0,5458000000.0,294.0,2056000000.0,0.0,1184000000.0,1626000000.0,1486000000.0,-330000000.0,299000000.0,12648000000.0,1380000000.0,40.0,3653000000.0,147000000.0,706000000.0,140000000.0,1385000000.0,633000000.0,-146000000.0,3890000000.0,1975000000.0,75000000.0,0.0,1212000000.0,-809000000.0,2809000000.0,-2603000000.0,-685000000.0,1339000000.0,224000000.0,1339000000.0,1638000000.0,1372000000.0,0.0,1322000000.0,15.0,1493000000.0,912000000.0,0.0,-1811000000.0,0.0,-68000000.0,2960000000.0,123000000.0,54000000.0,16.0,8.0,15.0,245.0,769000000.0,13832000000.0,-3126000000.0,1508000000.0,572000000.0,100000000.0,28527000000.0,8269000000.0,2814000000.0,18788000000.0,9739000000.0,28527000000.0,9111000000.0,-9725000000.0,2015.0,1.02,1312745098.04,GLW,Corning Inc.,reports,Information Technology,Electronic Components,"Corning, New York",,24741,0.2070470513093464,-0.45833333333333337
718,GRMN,2014-12-27,829663000.0,-27398000.0,33119000.0,11.0,-73339000.0,73521000.0,132.0,1196268000.0,-76491000.0,1797435000.0,1266246000.0,243.0,103852000.0,174627000.0,77015000.0,723745000.0,723745000.0,-37302000.0,0.0,430887000.0,0.0,56.0,1604412000.0,359534000.0,218083000.0,0.0,420475000.0,227573000.0,17399000.0,0.0,1407344000.0,0.0,0.0,0.0,17119000.0,522711000.0,-599622000.0,131332000.0,364211000.0,139852000.0,364211000.0,364211000.0,626293000.0,0.0,690626000.0,24.0,22161000.0,99951000.0,203598000.0,2571000.0,0.0,-22902000.0,82048000.0,28123000.0,0.0,25.0,21.0,13.0,202.0,395121000.0,1859972000.0,-239463000.0,518665000.0,0.0,167989000.0,4693303000.0,2510976000.0,1033261000.0,3403367000.0,1289936000.0,4693303000.0,2870658000.0,-330132000.0,2014.0,1.89,192704232.804,GRMN,Garmin Ltd.,reports,Consumer Discretionary,Consumer Electronics,"Schaffhausen, Switzerland",2012-12-12,1121788,0.0,-0.4052843510577846
722,GT,2015-12-31,3435000000.0,-31000000.0,-505000000.0,8.0,-983000000.0,3093000000.0,30.0,1476000000.0,-89000000.0,267000000.0,12164000000.0,124.0,2141000000.0,91000000.0,721000000.0,1046000000.0,608000000.0,-125000000.0,0.0,6777000000.0,555000000.0,26.0,4279000000.0,232000000.0,138000000.0,438000000.0,2464000000.0,-8000000.0,116000000.0,5074000000.0,0.0,222000000.0,0.0,-477000000.0,-685000000.0,1687000000.0,-985000000.0,-1262000000.0,307000000.0,505000000.0,307000000.0,307000000.0,2033000000.0,0.0,1551000000.0,9.0,654000000.0,153000000.0,886000000.0,-4010000000.0,-271000000.0,-271000000.0,2129000000.0,89000000.0,0.0,4.0,16.0,2.0,74.0,0.0,4570000000.0,-127000000.0,2728000000.0,634000000.0,0.0,16391000000.0,6126000000.0,4955000000.0,3920000000.0,12471000000.0,16391000000.0,16443000000.0,0.0,2015.0,1.14,269298245.614,GT,Goodyear Tire & Rubber,reports,Consumer Discretionary,Tires & Rubber,"Akron, Ohio",,42582,1.2943877551020408,-0.8747960848287113
730,HAL,2015-12-31,3174000000.0,1468000000.0,-324000000.0,4.0,-2184000000.0,274000000.0,189.0,10077000000.0,153000000.0,2677000000.0,21113000000.0,376.0,552000000.0,0.0,1835000000.0,-936000000.0,-936000000.0,-9000000.0,0.0,12117000000.0,2385000000.0,11.0,2520000000.0,-274000000.0,0.0,0.0,2993000000.0,0.0,-603000000.0,14687000000.0,0.0,33000000.0,0.0,7432000000.0,7786000000.0,2906000000.0,7081000000.0,-2192000000.0,-671000000.0,1316000000.0,-671000000.0,-662000000.0,5317000000.0,2485000000.0,-165000000.0,1.0,1818000000.0,1683000000.0,1504000000.0,-363000000.0,96000000.0,-8000000.0,1423000000.0,-596000000.0,0.0,4.0,6.0,3.0,320.0,0.0,20524000000.0,167000000.0,200000000.0,659000000.0,0.0,36942000000.0,20070000000.0,5337000000.0,15462000000.0,21480000000.0,36942000000.0,23633000000.0,-7650000000.0,2015.0,-0.79,849367088.608,HAL,Halliburton Co.,reports,Energy,Oil & Gas Equipment & Services,"Houston, Texas",,45012,0.9498771180959772,-1.1917142857142857
753,HCN,2013-12-31,640573000.0,-47571000.0,26992000.0,1.0,-383392000.0,12418520000.0,,231601000.0,0.0,289461000.0,1206813000.0,,70875000.0,0.0,882517000.0,560605000.0,102245000.0,442000.0,-8187000.0,20277321000.0,68321000.0,58.0,1641132000.0,7491000.0,1070754000.0,458360000.0,0.0,-3630224000.0,67557000.0,10652014000.0,479629000.0,341748000.0,35039000.0,770169000.0,-874984000.0,988497000.0,1667670000.0,-3531593000.0,145959000.0,-52286000.0,78714000.0,94246000.0,553310000.0,0.0,533613000.0,19.0,0.0,0.0,0.0,2311358000.0,2906000.0,482023000.0,0.0,0.0,865800000.0,4.0,1.0,5.0,,0.0,-4600854000.0,1836462000.0,241719000.0,0.0,0.0,23083957000.0,0.0,0.0,11414583000.0,11669374000.0,23083957000.0,2847945000.0,-21263000.0,2013.0,0.28,521282142.857,HCN,Welltower Inc.,reports,Real Estate,REITs,"Toledo, Ohio",2009-01-30,766704,0.9331934421082224,-0.5102540012750394
758,HCP,2015-12-31,430786000.0,-9569000.0,134769000.0,6.0,-894269000.0,11647039000.0,,386532000.0,0.0,465488000.0,0.0,,0.0,122330000.0,555839000.0,615867000.0,136271000.0,-1537000.0,6590000.0,11854242000.0,0.0,100.0,1828305000.0,-9807000.0,586657000.0,479596000.0,0.0,-752077000.0,-23757000.0,10671571000.0,7010263000.0,402674000.0,0.0,1378413000.0,162690000.0,1222145000.0,614087000.0,-1672005000.0,-559235000.0,1265503000.0,-560552000.0,152668000.0,817672000.0,135658000.0,481098000.0,26.0,794483000.0,0.0,0.0,-2768884000.0,0.0,-25659000.0,81413000.0,-19453000.0,504905000.0,7.0,1.0,31.0,,0.0,0.0,301459000.0,706644000.0,397432000.0,0.0,21449849000.0,0.0,0.0,9343643000.0,12106206000.0,21449849000.0,1828305000.0,0.0,2015.0,-1.21,462177685.95,HCP,HCP Inc.,reports,Real Estate,REITs,"Long Beach, California",2008-03-31,765880,1.142121012114868,-1.6063923108368492
759,HCP,2016-12-31,417360000.0,3813000.0,211140000.0,11.0,-888484000.0,8198890000.0,,136990000.0,0.0,468081000.0,0.0,,0.0,149181000.0,614699000.0,831687000.0,367284000.0,-1019000.0,11360000.0,11325830000.0,0.0,100.0,2040486000.0,4473000.0,479805000.0,464403000.0,0.0,-78445000.0,42024000.0,8289777000.0,2251946000.0,393713000.0,0.0,-1757807000.0,-251770000.0,1214131000.0,-1054265000.0,-410617000.0,627747000.0,-75526000.0,626549000.0,374171000.0,853070000.0,9821000.0,620547000.0,30.0,711624000.0,0.0,0.0,-3119376000.0,1639766000.0,556312000.0,61921000.0,-10805000.0,568108000.0,18.0,7.0,31.0,,0.0,0.0,69499000.0,842010000.0,899718000.0,0.0,15759265000.0,0.0,0.0,5547595000.0,10211670000.0,15759265000.0,2040486000.0,0.0,,,,HCP,HCP Inc.,reports,Real Estate,REITs,"Long Beach, California",2008-03-31,765880,1.4943010439658988,-2.122510214847068
766,HES,2014-12-31,4783000000.0,-199000000.0,702000000.0,10.0,-5214000000.0,3277000000.0,50.0,2444000000.0,62000000.0,286000000.0,3753000000.0,130.0,2371000000.0,3036000000.0,3224000000.0,2759000000.0,2436000000.0,0.0,0.0,27517000000.0,1858000000.0,65.0,6984000000.0,744000000.0,0.0,323000000.0,527000000.0,0.0,-29000000.0,5919000000.0,0.0,115000000.0,0.0,8000000.0,630000000.0,4457000000.0,-3835000000.0,8000000.0,2317000000.0,-603000000.0,2317000000.0,1692000000.0,2073000000.0,840000000.0,2057000000.0,19.0,348000000.0,1269000000.0,0.0,-1410000000.0,-7000000.0,5222000000.0,2281000000.0,-372000000.0,3224000000.0,23.0,11.0,22.0,119.0,0.0,20052000000.0,-3533000000.0,863000000.0,68000000.0,0.0,38407000000.0,6313000000.0,4851000000.0,22205000000.0,16202000000.0,38407000000.0,10737000000.0,0.0,2014.0,7.63,303669724.771,HES,Hess Corporation,reports,Energy,Integrated Oil & Gas,"New York, New York",1984-05-31,4447,0.2665615852285521,-0.5413697545526523
767,HES,2015-12-31,2542000000.0,841000000.0,-75000000.0,16.0,-4321000000.0,4127000000.0,103.0,2716000000.0,29000000.0,286000000.0,3323000000.0,168.0,2653000000.0,2464000000.0,3955000000.0,-3917000000.0,-4258000000.0,0.0,0.0,26352000000.0,375000000.0,50.0,3313000000.0,-1299000000.0,0.0,341000000.0,399000000.0,0.0,-646000000.0,6544000000.0,0.0,1015000000.0,0.0,643000000.0,272000000.0,1981000000.0,2497000000.0,-4206000000.0,-3056000000.0,973000000.0,-3056000000.0,-2959000000.0,1159000000.0,2497000000.0,-3842000000.0,58.0,411000000.0,130000000.0,0.0,-1664000000.0,-25000000.0,115000000.0,2158000000.0,-164000000.0,3955000000.0,64.0,22.0,46.0,152.0,0.0,16637000000.0,2166000000.0,703000000.0,86000000.0,0.0,34195000000.0,4404000000.0,2628000000.0,19386000000.0,14809000000.0,34195000000.0,6636000000.0,0.0,2015.0,-10.78,283487940.631,HES,Hess Corporation,reports,Energy,Integrated Oil & Gas,"New York, New York",1984-05-31,4447,0.33756318993087797,-2.318946914113077
769,HIG,2013-12-31,0.0,-970000000.0,-1787000000.0,1.0,-64000000.0,9894000000.0,,1428000000.0,0.0,5000000.0,11048000000.0,,6001000000.0,0.0,2890000000.0,1868000000.0,1471000000.0,-155000000.0,0.0,877000000.0,498000000.0,47.0,9625000000.0,246000000.0,0.0,397000000.0,0.0,5137000000.0,-9526000000.0,6544000000.0,94393000000.0,0.0,0.0,-882000000.0,-993000000.0,1237000000.0,-5820000000.0,3745000000.0,176000000.0,740000000.0,176000000.0,1225000000.0,26795000000.0,0.0,1471000000.0,7.0,143884000000.0,0.0,0.0,-79000000.0,-4102000000.0,-1328000000.0,252435000000.0,7927000000.0,5970000000.0,7.0,8.0,1.0,,0.0,10683000000.0,-613000000.0,0.0,438000000.0,4008000000.0,277884000000.0,0.0,0.0,18905000000.0,258979000000.0,277884000000.0,20673000000.0,-1598000000.0,2013.0,0.37,475675675.676,HIG,Hartford Financial Svc.Gp.,reports,Financials,Property & Casualty Insurance,"Hartford, Connecticut",,874766,0.34615181169002907,-5.631578947368421
777,HOLX,2014-09-27,354200000.0,7900000.0,-11000000.0,1.0,-80200000.0,5658200000.0,120.0,741600000.0,-44700000.0,2800000.0,1285200000.0,253.0,0.0,1395500000.0,523200000.0,268700000.0,48100000.0,-2700000.0,0.0,461900000.0,2810800000.0,49.0,1245500000.0,30800000.0,3433600000.0,220600000.0,330600000.0,-7300000.0,41600000.0,4153200000.0,0.0,0.0,0.0,-595000000.0,-86400000.0,508400000.0,-525100000.0,-67000000.0,17300000.0,-76600000.0,17300000.0,9900000.0,435400000.0,57300000.0,279700000.0,11.0,142600000.0,58200000.0,150900000.0,2600000.0,-14800000.0,20500000.0,183400000.0,39700000.0,113800000.0,2.0,2.0,1.0,199.0,203200000.0,-3600600000.0,81400000.0,591500000.0,114500000.0,0.0,8414700000.0,1565800000.0,619600000.0,2063000000.0,6351700000.0,8414700000.0,2530700000.0,0.0,2014.0,0.06,288333333.333,HOLX,Hologic,reports,Health Care,Health Care Equipment,"Marlborough, Massachusetts",2016-03-30,859737,2.013184682501212,-1.0147510231923602
786,HP,2015-09-30,305726000.0,259024000.0,4939000.0,9.0,-1131445000.0,420141000.0,223.0,729384000.0,-23052000.0,11099000.0,1703476000.0,413.0,0.0,1295916000.0,608788000.0,676902000.0,661879000.0,0.0,0.0,5563170000.0,0.0,46.0,1458226000.0,241405000.0,0.0,15023000.0,128541000.0,-45607000.0,-25417000.0,492443000.0,104354000.0,0.0,0.0,451651000.0,369077000.0,1428574000.0,94912000.0,-1154409000.0,420427000.0,192573000.0,420427000.0,420474000.0,463154000.0,39242000.0,671963000.0,21.0,40524000.0,72572000.0,3377000.0,-1377000.0,-1368000.0,22643000.0,114840000.0,-3769000.0,608039000.0,21.0,14.0,13.0,376.0,16104000.0,4648346000.0,-57004000.0,122878000.0,39094000.0,45543000.0,7147242000.0,1439194000.0,348197000.0,4895846000.0,2251396000.0,7147242000.0,3161702000.0,-182363000.0,2015.0,3.9,107801794.872,HP,Helmerich & Payne,reports,Energy,Oil & Gas Drilling,"Tulsa, Oklahoma[5]",,46765,0.1005838418937197,-0.4049688421273121
787,HP,2016-09-30,330061000.0,72792000.0,-23788000.0,1.0,-257169000.0,448452000.0,288.0,905561000.0,1944000.0,11140000.0,898805000.0,476.0,0.0,1342456000.0,599755000.0,-49754000.0,-72667000.0,0.0,0.0,5144733000.0,0.0,45.0,725427000.0,-19677000.0,0.0,22913000.0,124325000.0,1105000.0,21824000.0,491847000.0,84955000.0,0.0,0.0,-41111000.0,176177000.0,753597000.0,-343201000.0,-234219000.0,-56828000.0,113801000.0,-56828000.0,-52990000.0,375169000.0,6250000.0,-25966000.0,2.0,29645000.0,123483000.0,59000.0,-204000.0,-2978000.0,21845000.0,106671000.0,309000.0,598587000.0,4.0,2.0,3.0,439.0,10269000.0,4289807000.0,1040000.0,136287000.0,0.0,44148000.0,6832019000.0,1572686000.0,330120000.0,4560925000.0,2271094000.0,6832019000.0,1624232000.0,-188270000.0,2016.0,-0.54,105237037.037,HP,Helmerich & Payne,reports,Energy,Oil & Gas Drilling,"Tulsa, Oklahoma[5]",,46765,0.10783930891211761,-1.1351673417739585
794,HPQ,2016-10-31,17811000000.0,565000000.0,0.0,64.0,-433000000.0,1030000000.0,33.0,6288000000.0,-291000000.0,17000000.0,39240000000.0,98.0,0.0,0.0,332000000.0,3761000000.0,3761000000.0,0.0,0.0,1736000000.0,5622000000.0,19.0,8998000000.0,1095000000.0,0.0,0.0,4484000000.0,7000000.0,877000000.0,6758000000.0,0.0,0.0,0.0,-2087000000.0,-11145000000.0,3230000000.0,-14423000000.0,48000000.0,2496000000.0,739000000.0,2496000000.0,2666000000.0,4114000000.0,205000000.0,3549000000.0,7.0,3184000000.0,3582000000.0,919000000.0,-1438000000.0,-10375000000.0,474000000.0,7333000000.0,-1488000000.0,16000000.0,8.0,97.0,5.0,74.0,1209000000.0,-3498000000.0,-1113000000.0,4019000000.0,78000000.0,0.0,29010000000.0,18468000000.0,18808000000.0,-3889000000.0,32899000000.0,29010000000.0,48238000000.0,0.0,2016.0,1.44,1733333333.33,HPQ,HP Inc.,reports,Information Technology,Computer Hardware,"Palo Alto, California",1974-12-31,47217,-1.737721779377732,-0.4519104084321476
805,HRS,2015-07-03,1816000000.0,-17000000.0,-106000000.0,10.0,-148000000.0,0.0,21.0,481000000.0,20000000.0,124000000.0,3348000000.0,140.0,502000000.0,12000000.0,244000000.0,607000000.0,477000000.0,-23000000.0,0.0,1165000000.0,6348000000.0,34.0,1735000000.0,143000000.0,1775000000.0,130000000.0,1015000000.0,0.0,30000000.0,5053000000.0,0.0,5000000.0,0.0,2729000000.0,-80000000.0,854000000.0,2373000000.0,-3284000000.0,334000000.0,190000000.0,334000000.0,334000000.0,1255000000.0,46000000.0,713000000.0,14.0,154000000.0,432000000.0,295000000.0,2015000000.0,-55000000.0,-3136000000.0,2386000000.0,53000000.0,0.0,9.0,14.0,7.0,95.0,0.0,1258000000.0,-103000000.0,976000000.0,163000000.0,0.0,13127000000.0,3183000000.0,2274000000.0,3397000000.0,9725000000.0,13122000000.0,5083000000.0,0.0,2015.0,3.15,106031746.032,HRS,Harris Corporation,reports,Information Technology,Telecommunications Equipment,"Melbourne, Florida",2008-09-22,202058,1.4874889608478068,-0.3757009345794392
818,HSY,2015-12-31,1354476000.0,-24440000.0,-30139000.0,51.0,-329707000.0,783877000.0,16.0,346529000.0,52049000.0,359901000.0,4003951000.0,83.0,36390000.0,53188000.0,244928000.0,1007620000.0,901847000.0,-10364000.0,0.0,2240460000.0,684252000.0,46.0,3382675000.0,388896000.0,379305000.0,105773000.0,750970000.0,64596000.0,-1017000.0,1557091000.0,0.0,49465000.0,0.0,254305000.0,-28325000.0,1214456000.0,-755162000.0,-477255000.0,512951000.0,286168000.0,512951000.0,512951000.0,599073000.0,375608000.0,1037759000.0,14.0,155366000.0,152026000.0,0.0,-371025000.0,-10000000.0,-212144000.0,468718000.0,143817000.0,0.0,12.0,90.0,7.0,49.0,0.0,5897603000.0,-548174000.0,1969308000.0,863436000.0,0.0,5344371000.0,1848598000.0,2217912000.0,997997000.0,4346374000.0,5344371000.0,7386626000.0,-5672359000.0,2015.0,,,HSY,The Hershey Company,reports,Consumer Staples,Packaged Foods & Meats,"Hershey, Pennsylvania",,47111,1.5602161128740868,-0.3943278640519913
822,HUM,2016-12-31,2467000000.0,-158000000.0,0.0,6.0,-527000000.0,2562000000.0,,3877000000.0,0.0,33000000.0,45007000000.0,,0.0,280000000.0,465000000.0,1741000000.0,1552000000.0,0.0,0.0,1505000000.0,3272000000.0,17.0,9372000000.0,938000000.0,0.0,189000000.0,0.0,-828000000.0,440000000.0,4304000000.0,9798000000.0,0.0,0.0,-91000000.0,1306000000.0,1936000000.0,732000000.0,-1362000000.0,614000000.0,-13000000.0,614000000.0,614000000.0,1280000000.0,0.0,1741000000.0,3.0,5664000000.0,0.0,0.0,-66000000.0,1093000000.0,-7000000.0,7660000000.0,588000000.0,7631000000.0,3.0,15.0,1.0,,0.0,11454000000.0,-93000000.0,0.0,300000000.0,0.0,25396000000.0,0.0,0.0,10685000000.0,14711000000.0,25396000000.0,54379000000.0,-3298000000.0,,,,HUM,Humana Inc.,reports,Health Care,Managed Health Care,"Louisville, Kentucky",,49071,0.40280767430978004,-0.5188087774294671
845,INTU,2015-07-31,473000000.0,24000000.0,1000000.0,16.0,-142000000.0,4007000000.0,97.0,808000000.0,0.0,3000000.0,695000000.0,147.0,5000000.0,152000000.0,231000000.0,739000000.0,712000000.0,-26000000.0,0.0,682000000.0,1266000000.0,83.0,3497000000.0,299000000.0,87000000.0,27000000.0,0.0,156000000.0,453000000.0,500000000.0,27000000.0,0.0,0.0,0.0,-41000000.0,1504000000.0,-1337000000.0,-182000000.0,365000000.0,458000000.0,365000000.0,413000000.0,406000000.0,148000000.0,738000000.0,18.0,341000000.0,457000000.0,1271000000.0,-30000000.0,-1000000.0,-196000000.0,240000000.0,-27000000.0,42000000.0,17.0,31.0,9.0,147.0,798000000.0,6027000000.0,-1138000000.0,1771000000.0,0.0,889000000.0,4968000000.0,2560000000.0,1744000000.0,2332000000.0,2636000000.0,4968000000.0,4192000000.0,-7675000000.0,2015.0,1.3,280769230.769,INTU,Intuit Inc.,reports,Information Technology,Internet Software & Services,"Mountain View, California",2000-12-05,896878,0.2144082332761578,-0.597574421168688
849,IP,2014-12-31,4167000000.0,-97000000.0,-38000000.0,11.0,0.0,6245000000.0,38.0,1881000000.0,-103000000.0,449000000.0,16254000000.0,162.0,1324000000.0,3063000000.0,1414000000.0,1479000000.0,872000000.0,-52000000.0,-200000000.0,12728000000.0,3773000000.0,31.0,7363000000.0,123000000.0,0.0,607000000.0,2424000000.0,0.0,-36000000.0,10681000000.0,248000000.0,148000000.0,0.0,-352000000.0,79000000.0,3077000000.0,-2086000000.0,-860000000.0,555000000.0,1285000000.0,555000000.0,549000000.0,3414000000.0,946000000.0,1517000000.0,6.0,2652000000.0,240000000.0,0.0,-4646000000.0,-4000000.0,-860000000.0,4768000000.0,78000000.0,1406000000.0,4.0,17.0,2.0,113.0,0.0,4409000000.0,-1110000000.0,3494000000.0,742000000.0,0.0,28684000000.0,7959000000.0,4909000000.0,5115000000.0,23569000000.0,28684000000.0,23617000000.0,-1342000000.0,2014.0,1.3,426923076.923,IP,International Paper,reports,Materials,Paper Packaging,"Memphis, Tennessee",,51434,2.088172043010753,-0.6021505376344086
852,IPG,2013-12-31,7632600000.0,-398600000.0,-7600000.0,12.0,-173000000.0,2975200000.0,20.0,1636800000.0,0.0,53000000.0,0.0,99.0,144000000.0,514300000.0,209100000.0,590700000.0,468000000.0,-94100000.0,2100000.0,540000000.0,3629000000.0,100.0,7122300000.0,181200000.0,0.0,122700000.0,0.0,10800000.0,400300000.0,1129800000.0,0.0,35600000.0,249100000.0,-597000000.0,-938000000.0,592900000.0,-1212300000.0,-224500000.0,267900000.0,100400000.0,259200000.0,267900000.0,6101800000.0,60600000.0,598300000.0,8.0,508000000.0,340100000.0,0.0,-411200000.0,-28400000.0,-62300000.0,595700000.0,-7200000.0,0.0,7.0,21.0,4.0,99.0,0.0,864500000.0,-434400000.0,6463400000.0,532700000.0,5300000.0,12905000000.0,8084000000.0,8165300000.0,2215200000.0,10689800000.0,12905000000.0,7122300000.0,-1266300000.0,2013.0,0.62,432096774.194,IPG,Interpublic Group,reports,Consumer Discretionary,Advertising,"New York, New York",1992-10-01,51644,0.5100216684723727,-0.40026863666890533
856,IRM,2013-12-31,677794000.0,-33181000.0,-74215000.0,9.0,-287295000.0,980164000.0,16.0,154386000.0,0.0,1914000.0,1288878000.0,96.0,45607000.0,444812000.0,329295000.0,414045000.0,159871000.0,-11312000.0,0.0,2578260000.0,2463352000.0,57.0,1735745000.0,62127000.0,605484000.0,254174000.0,0.0,0.0,19048000.0,4119139000.0,0.0,10496000.0,0.0,232251000.0,-122889000.0,507546000.0,18564000.0,-637687000.0,96462000.0,35640000.0,96462000.0,99161000.0,634420000.0,0.0,489247000.0,16.0,26695000.0,144801000.0,238724000.0,-8660000.0,0.0,-350392000.0,68219000.0,55799000.0,322037000.0,5.0,15.0,3.0,96.0,0.0,67820000.0,-572000.0,924031000.0,52583000.0,0.0,6653005000.0,933607000.0,969101000.0,1041238000.0,5611767000.0,6653005000.0,3024623000.0,0.0,2013.0,0.51,189141176.471,IRM,Iron Mountain Incorporated,reports,Real Estate,REITs,"Boston, Massachusetts",2009-01-06,1020569,3.9560014137017667,-0.43563730824586655
858,IRM,2015-12-31,570651000.0,17984000.0,-100740000.0,24.0,-290249000.0,1623863000.0,15.0,128381000.0,0.0,2113000.0,1290025000.0,102.0,0.0,150695000.0,354713000.0,425937000.0,162066000.0,-8015000.0,0.0,2497158000.0,2360978000.0,57.0,1717951000.0,37713000.0,603314000.0,263871000.0,0.0,0.0,-59452000.0,4757610000.0,0.0,19766000.0,0.0,299108000.0,2448000.0,541760000.0,-108511000.0,-422786000.0,123241000.0,105249000.0,123241000.0,125203000.0,586580000.0,0.0,524527000.0,17.0,31225000.0,142951000.0,183112000.0,-174917000.0,0.0,-132537000.0,71844000.0,-1937000.0,345464000.0,5.0,32.0,4.0,102.0,0.0,-942218000.0,12723000.0,844960000.0,88068000.0,0.0,6350587000.0,857912000.0,841831000.0,508841000.0,5841746000.0,6350587000.0,3007976000.0,0.0,2015.0,0.58,212484482.759,IRM,Iron Mountain Incorporated,reports,Real Estate,REITs,"Boston, Massachusetts",2009-01-06,1020569,9.349895153888935,-0.6220980684964691
860,ISRG,2014-12-31,284600000.0,-13700000.0,4200000.0,12.0,-105600000.0,2896800000.0,246.0,600300000.0,-26800000.0,0.0,717900000.0,362.0,171300000.0,0.0,74400000.0,549000000.0,549000000.0,-600000.0,0.0,387400000.0,198000000.0,66.0,1413800000.0,130200000.0,126300000.0,0.0,181700000.0,36000000.0,122300000.0,0.0,1264500000.0,0.0,0.0,0.0,-181800000.0,665100000.0,-692400000.0,-153900000.0,418800000.0,157700000.0,418800000.0,418800000.0,315100000.0,0.0,544800000.0,26.0,0.0,82600000.0,216600000.0,-5100000.0,0.0,-84300000.0,78800000.0,-67600000.0,0.0,26.0,16.0,20.0,325.0,178000000.0,487700000.0,-716400000.0,691000000.0,0.0,632200000.0,3959400000.0,1811900000.0,501200000.0,3379400000.0,580000000.0,3959400000.0,2131700000.0,0.0,2014.0,11.35,36898678.4141,ISRG,Intuitive Surgical Inc.,reports,Health Care,Health Care Equipment,"Sunnyvale, California",2008-06-02,1035267,0.0,-0.37585692995529063
865,ITW,2015-12-31,1842000000.0,-42000000.0,78000000.0,36.0,-284000000.0,1135000000.0,130.0,3090000000.0,25000000.0,6000000.0,7888000000.0,284.0,346000000.0,256000000.0,477000000.0,2945000000.0,2719000000.0,-463000000.0,0.0,1577000000.0,4439000000.0,41.0,5517000000.0,820000000.0,1560000000.0,226000000.0,1086000000.0,22000000.0,-113000000.0,6896000000.0,0.0,4000000.0,0.0,151000000.0,-900000000.0,2299000000.0,-2526000000.0,-210000000.0,1899000000.0,30000000.0,1899000000.0,1899000000.0,2203000000.0,0.0,2867000000.0,21.0,1087000000.0,341000000.0,0.0,-1504000000.0,-12000000.0,52000000.0,981000000.0,23000000.0,233000000.0,20.0,52.0,14.0,238.0,0.0,18316000000.0,-1943000000.0,2417000000.0,526000000.0,0.0,15729000000.0,6720000000.0,2368000000.0,5224000000.0,10501000000.0,15725000000.0,13405000000.0,-12729000000.0,2015.0,5.16,368023255.814,ITW,Illinois Tool Works,reports,Industrials,Industrial Machinery,"Glenview, Illinois",1986-02-28,49826,1.3200612557427258,-0.3553971486761711
878,JEC,2016-09-30,1780265000.0,397268000.0,-36615000.0,5.0,-67688000.0,1168272000.0,37.0,655716000.0,0.0,120951000.0,9196326000.0,161.0,0.0,861824000.0,47608000.0,301983000.0,286723000.0,-28669000.0,0.0,319673000.0,3079628000.0,16.0,1767831000.0,72208000.0,336922000.0,15260000.0,0.0,-3403000.0,-87383000.0,385330000.0,0.0,64906000.0,0.0,-202138000.0,194857000.0,680173000.0,-317026000.0,-139621000.0,210463000.0,145750000.0,210463000.0,210463000.0,2115663000.0,0.0,338598000.0,3.0,759329000.0,93091000.0,0.0,-610594000.0,0.0,-68530000.0,0.0,-37585000.0,0.0,3.0,7.0,2.0,161.0,0.0,3586647000.0,-109410000.0,1429233000.0,2421000.0,0.0,7360022000.0,2864470000.0,1782686000.0,4265276000.0,3094746000.0,7360022000.0,10964157000.0,0.0,2016.0,1.75,120264571.429,JEC,Jacobs Engineering Group,reports,Industrials,Industrial Conglomerates,"Pasadena, California",2007-10-26,52988,0.09034116432324661,-0.3053361542853936
881,JNPR,2014-12-31,732600000.0,-16800000.0,333400000.0,7.0,-192900000.0,8794000000.0,130.0,1639600000.0,0.0,0.0,1768900000.0,186.0,0.0,294900000.0,186100000.0,-86300000.0,-86300000.0,-17600000.0,0.0,904300000.0,2981500000.0,62.0,2858200000.0,248000000.0,62400000.0,0.0,0.0,503700000.0,-26800000.0,1349000000.0,1133100000.0,0.0,0.0,346100000.0,-644400000.0,763400000.0,-1824200000.0,434000000.0,-334300000.0,965300000.0,-334300000.0,-334300000.0,598900000.0,1017000000.0,-419700000.0,9.0,389500000.0,239900000.0,780800000.0,-13800000.0,9000000.0,123200000.0,205000000.0,-10100000.0,0.0,2.0,2.0,7.0,186.0,1006200000.0,-3861100000.0,-2102700000.0,1254700000.0,0.0,332200000.0,8281400000.0,2810600000.0,1513400000.0,4919100000.0,3362300000.0,8281400000.0,4627100000.0,0.0,2014.0,-0.73,457945205.479,JNPR,Juniper Networks,reports,Information Technology,Networking Equipment,"Sunnyvale, California",,1043604,0.2742371572035535,-1.760118235561619
882,JNPR,2015-12-31,679100000.0,-218900000.0,-59800000.0,14.0,-210300000.0,8334800000.0,108.0,1420900000.0,0.0,0.0,1779200000.0,162.0,0.0,345200000.0,176500000.0,852200000.0,852200000.0,-21100000.0,0.0,1021000000.0,2981300000.0,63.0,3078600000.0,218500000.0,33900000.0,0.0,0.0,-304200000.0,164800000.0,1648800000.0,1244200000.0,0.0,0.0,595000000.0,-218700000.0,892500000.0,-581400000.0,-508700000.0,633700000.0,179900000.0,633700000.0,633700000.0,780700000.0,-600000.0,912000000.0,19.0,426400000.0,183700000.0,822900000.0,-19200000.0,0.0,5800000.0,248900000.0,-43500000.0,0.0,18.0,19.0,13.0,162.0,994500000.0,-3741200000.0,-1032400000.0,1172700000.0,299900000.0,527100000.0,8619200000.0,2912400000.0,1801900000.0,4574400000.0,4044800000.0,8619200000.0,4857800000.0,0.0,2015.0,1.62,391172839.506,JNPR,Juniper Networks,reports,Information Technology,Networking Equipment,"Sunnyvale, California",,1043604,0.3604407135362015,-2.8956027520191445
893,K,2015-01-03,1528000000.0,131000000.0,10000000.0,23.0,-582000000.0,678000000.0,10.0,443000000.0,-30000000.0,105000000.0,9517000000.0,77.0,0.0,726000000.0,503000000.0,1034000000.0,825000000.0,13000000.0,-6000000.0,3769000000.0,4971000000.0,35.0,5063000000.0,186000000.0,2295000000.0,209000000.0,1279000000.0,-6000000.0,153000000.0,5935000000.0,1000000.0,62000000.0,0.0,-102000000.0,170000000.0,1793000000.0,-1063000000.0,-573000000.0,632000000.0,408000000.0,632000000.0,632000000.0,1276000000.0,0.0,1024000000.0,7.0,777000000.0,342000000.0,1401000000.0,-1213000000.0,9000000.0,15000000.0,1277000000.0,-5000000.0,0.0,6.0,30.0,4.0,47.0,0.0,6689000000.0,-473000000.0,4039000000.0,1435000000.0,0.0,15153000000.0,3340000000.0,4364000000.0,2789000000.0,12364000000.0,15153000000.0,14580000000.0,-3470000000.0,2014.0,1.76,359090909.091,K,Kellogg Co.,reports,Consumer Staples,Packaged Foods & Meats,"Battle Creek, Michigan",,55067,2.1280028684116172,-0.6502490315439955
896,KEY,2014-09-30,106237000.0,-11681000.0,-69108000.0,12.0,-14553000.0,851624000.0,,387095000.0,-230138000.0,27000.0,1200308000.0,,0.0,0.0,13279000.0,-6874000.0,-6874000.0,0.0,6545000.0,18673000.0,0.0,18.0,263459000.0,-41797000.0,0.0,0.0,1561353000.0,-17478000.0,35439000.0,1535433000.0,38341000.0,0.0,0.0,11908000.0,-180305000.0,-160469000.0,12195000.0,-32031000.0,34383000.0,-5411000.0,34383000.0,34923000.0,37298000.0,0.0,55689000.0,4.0,23460000.0,0.0,0.0,-1276000.0,287000.0,0.0,145432000.0,3660000.0,13279000.0,0.0,2.0,2.0,,0.0,-571257000.0,0.0,194491000.0,0.0,0.0,2066220000.0,0.0,0.0,279118000.0,1787102000.0,2066220000.0,1463767000.0,0.0,,,,KEY,KeyCorp,reports,Financials,Banks,"Cleveland, Ohio",1994-03-01,91576,5.501017490810338,-2.015206094248258
898,KEY,2016-09-30,104174000.0,-149000.0,-37753000.0,1.0,-12219000.0,865290000.0,,243276000.0,129028000.0,33000.0,1524907000.0,,0.0,0.0,13794000.0,21703000.0,21703000.0,0.0,131000.0,19138000.0,0.0,16.0,297207000.0,16498000.0,0.0,0.0,1569279000.0,21397000.0,-26486000.0,1331878000.0,10470000.0,0.0,0.0,-197317000.0,-22712000.0,163025000.0,-197539000.0,11802000.0,4693000.0,42489000.0,4693000.0,5205000.0,363473000.0,0.0,59325000.0,3.0,7522000.0,0.0,0.0,0.0,-222000.0,2624000.0,134253000.0,-344000.0,13794000.0,1.0,3.0,0.0,,0.0,-222470000.0,0.0,224088000.0,0.0,0.0,2213158000.0,0.0,0.0,642853000.0,1570305000.0,2213158000.0,1822114000.0,0.0,,,,KEY,KeyCorp,reports,Financials,Banks,"Cleveland, Ohio",1994-03-01,91576,2.0718235739741435,-0.9863612849977041
905,KLAC,2015-06-30,103342000.0,-118520000.0,-121200000.0,87.0,-45791000.0,474216000.0,238.0,838025000.0,27500000.0,158000.0,1215229000.0,390.0,78648000.0,47145000.0,80536000.0,540140000.0,434131000.0,-13991000.0,0.0,314591000.0,335263000.0,57.0,1598820000.0,67973000.0,11895000.0,106009000.0,617904000.0,964012000.0,90999000.0,3173435000.0,0.0,0.0,0.0,2308789000.0,207164000.0,605906000.0,-1302972000.0,918221000.0,366158000.0,147330000.0,366158000.0,234489000.0,821747000.0,0.0,661340000.0,24.0,181039000.0,77814000.0,881440000.0,-40573000.0,-30229000.0,0.0,182230000.0,11903000.0,0.0,15.0,103.0,13.0,328.0,530616000.0,-12362000.0,-555880000.0,406864000.0,16981000.0,1549086000.0,4826012000.0,3904576000.0,1001763000.0,421439000.0,4404573000.0,4826012000.0,2814049000.0,0.0,2015.0,2.26,162016814.159,KLAC,KLA-Tencor Corp.,reports,Information Technology,Semiconductor Equipment,"Milpitas, California",,319201,7.529998410208832,-0.3716776346835291
909,KMB,2015-12-31,4680000000.0,0.0,17000000.0,582.0,-1056000000.0,609000000.0,10.0,619000000.0,0.0,473000000.0,11967000000.0,85.0,0.0,766000000.0,746000000.0,1630000000.0,1335000000.0,-128000000.0,149000000.0,7104000000.0,1446000000.0,36.0,6624000000.0,418000000.0,0.0,295000000.0,1909000000.0,-146000000.0,0.0,6170000000.0,247000000.0,214000000.0,0.0,850000000.0,-170000000.0,2306000000.0,-1298000000.0,-1050000000.0,1013000000.0,939000000.0,1013000000.0,1066000000.0,2281000000.0,0.0,1613000000.0,9.0,619000000.0,617000000.0,0.0,-3278000000.0,-4000000.0,152000000.0,1517000000.0,-445000000.0,0.0,7.0,767.0,5.0,55.0,0.0,4994000000.0,-872000000.0,5011000000.0,1669000000.0,0.0,14842000000.0,5426000000.0,6349000000.0,-174000000.0,15016000000.0,14842000000.0,18591000000.0,-2972000000.0,2015.0,2.78,364388489.209,KMB,Kimberly-Clark,reports,Consumer Staples,Household Products,"Irving, Texas",,55785,-35.45977011494253,-0.336173001310616
913,KMI,2015-12-31,2185000000.0,382000000.0,-38000000.0,1.0,-3896000000.0,41661000000.0,7.0,289000000.0,34000000.0,22000000.0,6452000000.0,69.0,7352000000.0,0.0,2360000000.0,772000000.0,772000000.0,-10000000.0,414000000.0,40547000000.0,23790000000.0,55.0,7951000000.0,564000000.0,3551000000.0,0.0,407000000.0,-1947000000.0,-230000000.0,42406000000.0,6040000000.0,284000000.0,0.0,-824000000.0,-86000000.0,5303000000.0,327000000.0,-5706000000.0,253000000.0,2683000000.0,227000000.0,667000000.0,1355000000.0,2069000000.0,2447000000.0,17.0,0.0,773000000.0,1059000000.0,-461000000.0,-1000000.0,137000000.0,2230000000.0,-134000000.0,2309000000.0,5.0,2.0,2.0,59.0,0.0,-6103000000.0,5410000000.0,1126000000.0,821000000.0,0.0,84104000000.0,2824000000.0,4065000000.0,35119000000.0,48985000000.0,84104000000.0,14403000000.0,0.0,2015.0,0.1,2530000000.0,KMI,Kinder Morgan,reports,Energy,Oil & Gas Refining & Marketing & Transportation,"Houston, Texas",2012-05-25,1506307,1.2074945186366355,-0.753411306042885
945,LEG,2014-12-31,707400000.0,-97700000.0,5800000.0,9.0,-94100000.0,502400000.0,34.0,332800000.0,-21900000.0,2000000.0,2991900000.0,144.0,0.0,41800000.0,117900000.0,337300000.0,295500000.0,-15500000.0,0.0,548800000.0,829400000.0,21.0,790400000.0,70300000.0,204700000.0,41800000.0,481400000.0,0.0,171800000.0,766700000.0,0.0,8400000.0,0.0,87000000.0,60100000.0,381900000.0,-203600000.0,-102700000.0,101200000.0,109200000.0,98000000.0,225200000.0,523300000.0,0.0,331500000.0,9.0,128400000.0,91800000.0,83100000.0,-2600000.0,-5800000.0,-8600000.0,185000000.0,1400000.0,19700000.0,8.0,26.0,3.0,96.0,0.0,2061300000.0,-127900000.0,439200000.0,201700000.0,0.0,3140600000.0,1429300000.0,992200000.0,1146500000.0,1985700000.0,3132200000.0,3782300000.0,-1416600000.0,2014.0,0.69,146666666.667,LEG,Leggett & Platt,reports,Industrials,Industrial Conglomerates,"Carthage, Missouri",,58492,0.6687309201918884,-0.49323985978968454
962,LLL,2015-12-31,1766000000.0,50000000.0,-15000000.0,6.0,-197000000.0,0.0,7.0,207000000.0,-38000000.0,6052000000.0,9576000000.0,147.0,3000000.0,219000000.0,285000000.0,491000000.0,322000000.0,-19000000.0,0.0,1097000000.0,6281000000.0,9.0,890000000.0,25000000.0,199000000.0,169000000.0,333000000.0,0.0,-34000000.0,3143000000.0,0.0,74000000.0,0.0,-296000000.0,-235000000.0,1042000000.0,-1178000000.0,-192000000.0,-240000000.0,998000000.0,-240000000.0,297000000.0,2827000000.0,384000000.0,475000000.0,5.0,273000000.0,865000000.0,614000000.0,-574000000.0,-36000000.0,5000000.0,1415000000.0,57000000.0,0.0,3.0,7.0,2.0,135.0,0.0,5728000000.0,-658000000.0,0.0,499000000.0,0.0,12085000000.0,4232000000.0,2879000000.0,4355000000.0,7730000000.0,12085000000.0,10466000000.0,-6851000000.0,2015.0,-2.97,80808080.8081,LLL,L-3 Communications Holdings,reports,Industrials,Industrial Conglomerates,"New York, New York",,1056239,0.7216991963260619,-1.3614457831325302
969,LLY,2014-12-31,2510900000.0,117400000.0,0.0,16.0,-1162600000.0,5292300000.0,50.0,3871600000.0,-307100000.0,694600000.0,4932500000.0,122.0,0.0,0.0,1379000000.0,3000300000.0,3000300000.0,-341500000.0,0.0,7963900000.0,1758100000.0,75.0,14683100000.0,609800000.0,2884200000.0,0.0,2740000000.0,3623000000.0,-371700000.0,5332800000.0,4568900000.0,14900000.0,0.0,2638700000.0,41400000.0,4367100000.0,-75100000.0,-3909100000.0,2390500000.0,747500000.0,2390500000.0,2390500000.0,3801300000.0,668900000.0,3000300000.0,15.0,7204200000.0,560000000.0,4541400000.0,-7005000000.0,187400000.0,-6369500000.0,5845700000.0,411500000.0,0.0,15.0,20.0,12.0,94.0,4733600000.0,16482700000.0,-800000000.0,6280300000.0,2688700000.0,955400000.0,36307600000.0,11928300000.0,9741000000.0,15373200000.0,20919500000.0,36292700000.0,19615600000.0,-91400000.0,2014.0,2.23,1071973094.17,LLY,Lilly (Eli) & Co.,reports,Health Care,Pharmaceuticals,"Indianapolis, Indiana",1970-12-31,59478,0.3468893919288112,-0.4897327527322405
988,LUK,2013-12-31,8309945000.0,242798000.0,1467229000.0,4.0,-166129000.0,4881031000.0,93.0,7524197000.0,0.0,364541000.0,7567707000.0,137.0,1809943000.0,0.0,138964000.0,1203810000.0,545585000.0,6180000.0,119041000.0,885859000.0,0.0,21.0,1964071000.0,136481000.0,2768628000.0,658225000.0,0.0,427120000.0,471492000.0,8180865000.0,1315626000.0,70591000.0,241075000.0,170636000.0,3761635000.0,702340000.0,-270507000.0,3323622000.0,362193000.0,-62811000.0,369240000.0,409104000.0,3816680000.0,1490000.0,-382460000.0,4.0,1062334000.0,9117829000.0,18084010000.0,538050000.0,-18052000.0,3062631000.0,0.0,-450296000.0,167425000.0,6.0,5.0,4.0,137.0,0.0,4318840000.0,23330000.0,2177616000.0,2752833000.0,19565685000.0,47866781000.0,40024391000.0,29146788000.0,10102462000.0,37639319000.0,47741781000.0,9531778000.0,0.0,2013.0,1.07,338498130.841,LUK,Leucadia National Corp.,reports,Financials,Multi-Sector Holdings,"New York, New York",2007-08-27,96223,0.8097892375145781,-0.58110591563435
989,LUK,2014-12-31,10516491000.0,-499310000.0,1653010000.0,2.0,-600837000.0,5059508000.0,87.0,7721449000.0,0.0,367499000.0,8024286000.0,131.0,1712535000.0,0.0,139744000.0,1346818000.0,381222000.0,-10525000.0,138527000.0,726376000.0,0.0,25.0,2657611000.0,165971000.0,2720763000.0,965596000.0,0.0,1058274000.0,3898726000.0,8527929000.0,1994038000.0,67864000.0,186686000.0,1038773000.0,369180000.0,-987160000.0,917782000.0,449083000.0,199025000.0,285318000.0,204306000.0,215251000.0,3934825000.0,59695000.0,-444719000.0,4.0,1807284000.0,10785379000.0,19582167000.0,447082000.0,1921000.0,-8354000.0,0.0,-5010663000.0,185993000.0,4.0,4.0,2.0,131.0,0.0,4428069000.0,-22044000.0,2856642000.0,3315613000.0,21221259000.0,52623908000.0,43662912000.0,33414271000.0,10302158000.0,42196750000.0,52498908000.0,10681897000.0,0.0,2014.0,0.54,368564814.815,LUK,Leucadia National Corp.,reports,Financials,Multi-Sector Holdings,"New York, New York",2007-08-27,96223,0.8277808397036815,-0.4505001477113031
996,LVLT,2013-12-31,994000000.0,30000000.0,-88000000.0,8.0,-760000000.0,14339000000.0,44.0,638000000.0,0.0,2000000.0,3685000000.0,101.0,0.0,906000000.0,836000000.0,578000000.0,-71000000.0,-22000000.0,0.0,8240000000.0,2577000000.0,42.0,2628000000.0,38000000.0,205000000.0,649000000.0,0.0,0.0,-126000000.0,8331000000.0,0.0,0.0,0.0,-294000000.0,-348000000.0,713000000.0,-294000000.0,-745000000.0,-109000000.0,79000000.0,-109000000.0,-193000000.0,673000000.0,0.0,666000000.0,11.0,398000000.0,143000000.0,421000000.0,36000000.0,0.0,15000000.0,780000000.0,3000000.0,800000000.0,1.0,5.0,2.0,101.0,0.0,-12966000000.0,0.0,1162000000.0,31000000.0,0.0,12874000000.0,1454000000.0,1446000000.0,1411000000.0,11463000000.0,12874000000.0,6313000000.0,0.0,2013.0,-0.49,222448979.592,LVLT,Level 3 Communications,reports,Telecommunications Services,Alternative Carriers,"Broomfield, Colorado",2014-11-05,794323,5.904323175053154,-0.7417061611374407
997,LVLT,2014-12-31,1111000000.0,9000000.0,-121000000.0,5.0,-910000000.0,19159000000.0,31.0,587000000.0,0.0,3000000.0,3775000000.0,78.0,300000000.0,921000000.0,844000000.0,892000000.0,238000000.0,-44000000.0,0.0,9860000000.0,7689000000.0,44.0,3002000000.0,-76000000.0,1414000000.0,654000000.0,0.0,0.0,-30000000.0,10984000000.0,0.0,0.0,0.0,-82000000.0,-51000000.0,1161000000.0,-82000000.0,-1086000000.0,314000000.0,22000000.0,314000000.0,261000000.0,737000000.0,0.0,1013000000.0,15.0,203000000.0,157000000.0,446000000.0,-147000000.0,0.0,-176000000.0,773000000.0,2000000.0,808000000.0,4.0,4.0,5.0,78.0,0.0,-12652000000.0,0.0,1181000000.0,349000000.0,0.0,20947000000.0,1481000000.0,1906000000.0,6363000000.0,14584000000.0,20947000000.0,6777000000.0,0.0,2014.0,1.23,255284552.846,LVLT,Level 3 Communications,reports,Telecommunications Services,Alternative Carriers,"Broomfield, Colorado",2014-11-05,794323,1.7262297658337262,-3.8807339449541285
1018,MAC,2015-12-31,1021157000.0,-5117000.0,390020000.0,10.0,-298584000.0,4926630000.0,,127899000.0,0.0,1544000.0,497359000.0,,587283000.0,0.0,462945000.0,684981000.0,473038000.0,0.0,45164000.0,8796912000.0,0.0,61.0,790790000.0,-3223000.0,0.0,211943000.0,0.0,-415436000.0,-3316000.0,5102424000.0,1532552000.0,355825000.0,0.0,773515000.0,1603000.0,540377000.0,-437750000.0,-101024000.0,487562000.0,-450939000.0,487562000.0,522912000.0,213930000.0,0.0,296448000.0,23.0,0.0,0.0,0.0,0.0,0.0,612996000.0,63756000.0,13892000.0,464472000.0,37.0,10.0,38.0,,0.0,-212760000.0,-400658000.0,29870000.0,0.0,0.0,11258576000.0,0.0,0.0,4715414000.0,6543162000.0,11258576000.0,1288149000.0,0.0,2015.0,3.08,158299350.649,MAC,Macerich,reports,Real Estate,Retail REITs,"Santa Monica, California",2013-05-09,912242,1.0820733874056445,-0.6747509409342767
1025,MAS,2015-12-31,1399000000.0,-104000000.0,0.0,263.0,-158000000.0,0.0,61.0,1468000000.0,17000000.0,330000000.0,4889000000.0,138.0,0.0,0.0,153000000.0,914000000.0,689000000.0,-15000000.0,0.0,1027000000.0,839000000.0,32.0,2253000000.0,293000000.0,160000000.0,225000000.0,687000000.0,35000000.0,82000000.0,2403000000.0,0.0,193000000.0,0.0,-6000000.0,85000000.0,699000000.0,-410000000.0,-189000000.0,355000000.0,230000000.0,355000000.0,396000000.0,853000000.0,0.0,914000000.0,13.0,310000000.0,320000000.0,0.0,-165000000.0,137000000.0,-66000000.0,800000000.0,-73000000.0,0.0,10.0,510.0,5.0,110.0,0.0,-300000000.0,-454000000.0,1339000000.0,1004000000.0,0.0,5664000000.0,3328000000.0,2403000000.0,-135000000.0,5799000000.0,5664000000.0,7142000000.0,0.0,2015.0,1.03,344660194.175,MAS,Masco Corp.,reports,Industrials,Building Products,"Taylor, Michigan",1981-06-30,62996,-17.8,-0.5852803738317758
1029,MAT,2014-12-31,1088886000.0,90285000.0,12467000.0,17.0,-260457000.0,1767096000.0,89.0,971650000.0,43392000.0,441369000.0,3022797000.0,293.0,0.0,0.0,248701000.0,666181000.0,586910000.0,-20259000.0,0.0,737869000.0,1392925000.0,50.0,3001022000.0,88036000.0,0.0,79271000.0,561755000.0,-19933000.0,-34653000.0,2100000000.0,0.0,0.0,0.0,446594000.0,-67566000.0,888564000.0,-227319000.0,-708552000.0,498874000.0,60135000.0,498874000.0,498874000.0,1094452000.0,0.0,653714000.0,11.0,1404258000.0,559074000.0,0.0,-622089000.0,-25237000.0,-428162000.0,584026000.0,-18170000.0,0.0,10.0,20.0,8.0,241.0,0.0,3896261000.0,-133863000.0,2347308000.0,0.0,0.0,6721983000.0,3186931000.0,1088886000.0,2949071000.0,3772912000.0,6721983000.0,6023819000.0,-2533566000.0,2014.0,1.46,341694520.548,MAT,Mattel Inc.,reports,Consumer Discretionary,Leisure Products,"El Segundo, California",1982-03-31,63276,0.712088654359288,-0.4481140424628074
1049,MDLZ,2014-12-31,8292000000.0,184000000.0,0.0,8.0,-1642000000.0,31651000000.0,12.0,1631000000.0,-188000000.0,0.0,21647000000.0,84.0,0.0,5512000000.0,1059000000.0,3242000000.0,2554000000.0,-223000000.0,0.0,9827000000.0,23389000000.0,37.0,12597000000.0,353000000.0,20335000000.0,688000000.0,3480000000.0,0.0,516000000.0,13821000000.0,662000000.0,103000000.0,0.0,-218000000.0,-991000000.0,3562000000.0,-2688000000.0,-1642000000.0,2184000000.0,-124000000.0,2184000000.0,2201000000.0,5231000000.0,692000000.0,3242000000.0,9.0,808000000.0,1408000000.0,2880000000.0,-7318000000.0,194000000.0,0.0,5578000000.0,-86000000.0,206000000.0,7.0,9.0,6.0,59.0,0.0,14529000000.0,-1700000000.0,8457000000.0,2835000000.0,0.0,66771000000.0,11750000000.0,14007000000.0,27750000000.0,39021000000.0,66771000000.0,34244000000.0,-11112000000.0,2014.0,1.29,1693023255.81,MDLZ,Mondelez International,reports,Consumer Staples,Packaged Foods & Meats,"Northfield, Illinois",2012-10-02,1103982,0.49805405405405406,-0.44214559386973185
1090,MON,2016-08-31,4224000000.0,-498000000.0,52000000.0,29.0,-923000000.0,11626000000.0,26.0,1676000000.0,181000000.0,6000000.0,6485000000.0,121.0,613000000.0,103000000.0,727000000.0,2427000000.0,1991000000.0,-7000000.0,0.0,5231000000.0,4020000000.0,52.0,7017000000.0,695000000.0,1125000000.0,436000000.0,3241000000.0,130000000.0,312000000.0,7453000000.0,101000000.0,11000000.0,0.0,156000000.0,-2025000000.0,2588000000.0,-3742000000.0,-864000000.0,1336000000.0,506000000.0,1336000000.0,1319000000.0,2681000000.0,297000000.0,2375000000.0,18.0,489000000.0,499000000.0,795000000.0,-2808000000.0,-24000000.0,-71000000.0,906000000.0,47000000.0,0.0,15.0,44.0,10.0,73.0,1512000000.0,10763000000.0,-2920000000.0,2833000000.0,1710000000.0,60000000.0,19736000000.0,8157000000.0,6729000000.0,4534000000.0,15202000000.0,19736000000.0,13502000000.0,-15053000000.0,2016.0,3.02,442384105.96,MON,Monsanto Co.,reports,Materials,Fertilizers & Agricultural Chemicals,"Creve Coeur, Missouri",2002-08-07,1110783,1.6438023820026466,-0.4226447709593777
1092,MOS,2014-12-31,1542200000.0,-226500000.0,29500000.0,10.0,-929100000.0,4200000.0,149.0,2374600000.0,-129700000.0,3700000.0,7129200000.0,327.0,543100000.0,987700000.0,842000000.0,1324900000.0,1217300000.0,-133100000.0,-2200000.0,9313900000.0,1806500000.0,21.0,1926600000.0,184700000.0,0.0,107600000.0,1718300000.0,-154600000.0,28100000.0,3778000000.0,849800000.0,17500000.0,0.0,789700000.0,-2918500000.0,2122100000.0,-2168400000.0,-2739100000.0,1028600000.0,120100000.0,1028600000.0,1028600000.0,754400000.0,125400000.0,1311800000.0,14.0,554200000.0,368200000.0,0.0,-473700000.0,179700000.0,-1655400000.0,1200000000.0,457700000.0,0.0,13.0,11.0,11.0,219.0,0.0,11168900000.0,-2755300000.0,505800000.0,54500000.0,0.0,18283000000.0,5215500000.0,1596700000.0,10703100000.0,7579900000.0,18283000000.0,9055800000.0,0.0,2014.0,2.69,382379182.156,MOS,The Mosaic Company,reports,Materials,Fertilizers & Agricultural Chemicals,"Plymouth, Minnesota",2011-09-26,1285785,0.35298184638095503,-0.45539259808333776
1094,MOS,2016-12-31,1437900000.0,3500000.0,35800000.0,3.0,-843100000.0,29900000.0,46.0,673100000.0,263000000.0,3500000.0,6352800000.0,207.0,836400000.0,1009200000.0,751600000.0,354800000.0,242400000.0,68800000.0,-15400000.0,9198500000.0,1630900000.0,11.0,810000000.0,-74200000.0,0.0,112400000.0,1391100000.0,-1043100000.0,-198000000.0,3779300000.0,1063100000.0,37900000.0,0.0,-73400000.0,-603200000.0,1266100000.0,-888600000.0,-1049500000.0,297800000.0,-100900000.0,297800000.0,297800000.0,627800000.0,0.0,319000000.0,4.0,1054100000.0,365700000.0,0.0,-1312200000.0,-355100000.0,836700000.0,952900000.0,245700000.0,0.0,3.0,3.0,4.0,113.0,0.0,10863400000.0,-75000000.0,491000000.0,38900000.0,0.0,16840700000.0,3057700000.0,1476800000.0,9584600000.0,7256100000.0,16840700000.0,7162800000.0,0.0,,,,MOS,The Mosaic Company,reports,Materials,Fertilizers & Agricultural Chemicals,"Plymouth, Minnesota",2011-09-26,1285785,0.394309621684786,-0.7023190723710515
1096,MPC,2013-12-31,9526000000.0,-940000000.0,58000000.0,19.0,-1206000000.0,9768000000.0,23.0,2292000000.0,-305000000.0,4000000.0,87758000000.0,130.0,0.0,3085000000.0,1220000000.0,3246000000.0,3246000000.0,0.0,36000000.0,13921000000.0,938000000.0,12.0,12402000000.0,1113000000.0,0.0,0.0,4689000000.0,-1589000000.0,1464000000.0,3373000000.0,463000000.0,412000000.0,0.0,-25000000.0,-2568000000.0,3405000000.0,-3217000000.0,-2756000000.0,2112000000.0,-146000000.0,2112000000.0,2148000000.0,5559000000.0,0.0,3331000000.0,3.0,326000000.0,197000000.0,275000000.0,-204000000.0,58000000.0,39000000.0,771000000.0,-21000000.0,1220000000.0,3.0,30.0,2.0,82.0,0.0,5507000000.0,-2745000000.0,7851000000.0,23000000.0,0.0,28385000000.0,12737000000.0,9824000000.0,10920000000.0,17465000000.0,28385000000.0,100160000000.0,-4155000000.0,2013.0,6.69,315695067.265,MPC,Marathon Petroleum,reports,Energy,Oil & Gas Refining & Marketing & Transportation,"Findlay, Ohio",2011-07-01,1510295,0.3088827838827839,-0.37680731779285925
1102,MRK,2015-12-31,16618000000.0,-480000000.0,-1527000000.0,10.0,-1283000000.0,40222000000.0,70.0,8524000000.0,805000000.0,1788000000.0,14934000000.0,155.0,0.0,6535000000.0,6375000000.0,5401000000.0,5401000000.0,-1310000000.0,0.0,12507000000.0,17723000000.0,62.0,24564000000.0,942000000.0,22602000000.0,0.0,4700000000.0,3871000000.0,-588000000.0,23929000000.0,13039000000.0,91000000.0,0.0,3492000000.0,1083000000.0,12421000000.0,-5270000000.0,-4758000000.0,4442000000.0,1855000000.0,4442000000.0,4442000000.0,6484000000.0,619000000.0,6928000000.0,18.0,6144000000.0,5153000000.0,0.0,-4148000000.0,56000000.0,-7346000000.0,7345000000.0,-5000000.0,0.0,14.0,12.0,11.0,131.0,6704000000.0,45348000000.0,-3701000000.0,10313000000.0,2585000000.0,4903000000.0,101779000000.0,29764000000.0,19203000000.0,44676000000.0,57103000000.0,101779000000.0,39498000000.0,-38534000000.0,2015.0,1.58,2811392405.06,MRK,Merck & Co.,reports,Health Care,Pharmaceuticals,"Whitehouse Station, New Jersey",,310158,0.535611961679649,-0.6273489932885906
1106,MRO,2015-12-31,1578000000.0,817000000.0,194000000.0,12.0,-3476000000.0,6498000000.0,71.0,1221000000.0,36000000.0,770000000.0,1694000000.0,150.0,0.0,2749000000.0,2957000000.0,-2958000000.0,-2958000000.0,-2000000.0,145000000.0,27061000000.0,115000000.0,69.0,3828000000.0,-754000000.0,0.0,0.0,313000000.0,77000000.0,-965000000.0,7276000000.0,1003000000.0,0.0,0.0,908000000.0,-1177000000.0,1565000000.0,462000000.0,-3202000000.0,-2204000000.0,1074000000.0,-2204000000.0,-2204000000.0,912000000.0,2070000000.0,-3030000000.0,55.0,1542000000.0,144000000.0,150000000.0,-135000000.0,14000000.0,197000000.0,2004000000.0,-150000000.0,2957000000.0,54.0,16.0,40.0,132.0,0.0,14974000000.0,0.0,1831000000.0,1000000.0,0.0,32311000000.0,2590000000.0,1729000000.0,18553000000.0,13758000000.0,32311000000.0,5522000000.0,-3554000000.0,2015.0,-3.26,676073619.632,MRO,Marathon Oil Corp.,reports,Energy,Oil & Gas Exploration & Production,"Houston, Texas",1991-05-01,101778,0.39217377243572465,-1.7235718975705843
1109,MSFT,2015-06-30,12385000000.0,1456000000.0,346000000.0,15.0,-5944000000.0,0.0,194.0,5595000000.0,-272000000.0,68465000000.0,33038000000.0,247.0,0.0,3390000000.0,5957000000.0,18507000000.0,18507000000.0,-73000000.0,0.0,14731000000.0,16939000000.0,65.0,60542000000.0,6314000000.0,4835000000.0,0.0,2902000000.0,-12868000000.0,-79000000.0,27808000000.0,12053000000.0,0.0,0.0,13661000000.0,-3074000000.0,29668000000.0,-9668000000.0,-23001000000.0,12193000000.0,10005000000.0,12193000000.0,12193000000.0,17908000000.0,10011000000.0,18161000000.0,19.0,3117000000.0,5461000000.0,29778000000.0,2522000000.0,362000000.0,-4189000000.0,13544000000.0,408000000.0,0.0,20.0,23.0,13.0,241.0,12046000000.0,9096000000.0,-13809000000.0,20324000000.0,7484000000.0,90931000000.0,174472000000.0,122797000000.0,49647000000.0,80083000000.0,94389000000.0,174472000000.0,93580000000.0,0.0,2015.0,1.49,8183221476.51,MSFT,Microsoft Corp.,reports,Information Technology,Systems Software,"Redmond, Washington",1994-06-01,789019,0.34723973877102504,-0.4476306967473045
1122,MU,2016-09-01,3879000000.0,465000000.0,-12000000.0,2.0,-5817000000.0,7736000000.0,91.0,4140000000.0,-549000000.0,109000000.0,9894000000.0,196.0,657000000.0,0.0,3106000000.0,156000000.0,-281000000.0,8000000.0,25000000.0,14686000000.0,0.0,20.0,2505000000.0,19000000.0,464000000.0,437000000.0,2889000000.0,2847000000.0,209000000.0,9154000000.0,1778000000.0,848000000.0,0.0,1329000000.0,1853000000.0,3168000000.0,1745000000.0,-3068000000.0,-276000000.0,-13000000.0,-276000000.0,-276000000.0,2068000000.0,67000000.0,168000000.0,1.0,460000000.0,140000000.0,200000000.0,-35000000.0,571000000.0,-98000000.0,623000000.0,225000000.0,0.0,2.0,2.0,2.0,137.0,1617000000.0,5299000000.0,-155000000.0,653000000.0,756000000.0,258000000.0,27540000000.0,9495000000.0,4835000000.0,12080000000.0,15460000000.0,27540000000.0,12399000000.0,-1029000000.0,2016.0,-0.27,1022222222.22,MU,Micron Technology,reports,Information Technology,Semiconductors,"Boise, Idaho",1994-09-27,723125,0.7577814569536424,-1.095205243187306
1126,MUR,2015-12-31,1648451000.0,0.0,167330000.0,43.0,-2549736000.0,910074000.0,27.0,283183000.0,0.0,195056000.0,832306000.0,86.0,227031000.0,678387000.0,1751097000.0,-3164887000.0,-3282262000.0,10294000.0,0.0,9818365000.0,0.0,70.0,1954810000.0,-1026490000.0,0.0,117375000.0,166788000.0,217352000.0,0.0,3040594000.0,0.0,0.0,0.0,139566000.0,-910125000.0,1183369000.0,-364561000.0,-1922121000.0,-2270833000.0,1672877000.0,-2270833000.0,-2255772000.0,573855000.0,3246081000.0,-3332217000.0,120.0,0.0,251302000.0,7297000.0,-704542000.0,-9129000.0,410263000.0,793474000.0,213122000.0,1668489000.0,118.0,62.0,81.0,77.0,0.0,6212201000.0,-250000000.0,372457000.0,18881000.0,173288000.0,11493812000.0,1448416000.0,1674629000.0,5306728000.0,6187084000.0,11493812000.0,2787116000.0,-1306061000.0,2015.0,-13.03,174277283.193,MUR,Murphy Oil,reports,Energy,Integrated Oil & Gas,"El Dorado, Arkansas",,717423,0.5729696340193053,-3.507514815964029
1134,NBL,2015-12-31,1128000000.0,453000000.0,516000000.0,24.0,-2979000000.0,6360000000.0,57.0,1028000000.0,0.0,5000000.0,979000000.0,126.0,0.0,2826000000.0,2131000000.0,-1956000000.0,-2219000000.0,0.0,90000000.0,21300000000.0,0.0,69.0,2204000000.0,222000000.0,0.0,263000000.0,0.0,108000000.0,-528000000.0,7976000000.0,0.0,0.0,0.0,-149000000.0,-155000000.0,2062000000.0,654000000.0,-2871000000.0,-2441000000.0,1492000000.0,-2441000000.0,-2351000000.0,450000000.0,1800000000.0,-2472000000.0,78.0,620000000.0,798000000.0,677000000.0,-33000000.0,-18000000.0,0.0,1219000000.0,-54000000.0,2131000000.0,70.0,21.0,77.0,126.0,0.0,4726000000.0,1112000000.0,745000000.0,0.0,0.0,24196000000.0,2276000000.0,1805000000.0,10370000000.0,13826000000.0,24196000000.0,3183000000.0,-688000000.0,2015.0,-6.07,402141680.395,NBL,Noble Energy Inc,reports,Energy,Oil & Gas Exploration & Production,"Houston, Texas",2007-10-08,72207,0.7691417550626808,-3.010708401976936
1135,NBL,2016-12-31,736000000.0,-164000000.0,-148000000.0,11.0,-1541000000.0,6450000000.0,80.0,1180000000.0,0.0,5000000.0,1083000000.0,132.0,0.0,1819000000.0,2454000000.0,-1444000000.0,-1772000000.0,0.0,102000000.0,18548000000.0,0.0,69.0,2408000000.0,-787000000.0,0.0,328000000.0,0.0,1303000000.0,-206000000.0,7011000000.0,0.0,312000000.0,0.0,-886000000.0,152000000.0,1351000000.0,-768000000.0,-431000000.0,-998000000.0,-227000000.0,-998000000.0,-896000000.0,615000000.0,1017000000.0,-1296000000.0,37.0,508000000.0,160000000.0,742000000.0,-31000000.0,-9000000.0,-193000000.0,1103000000.0,-90000000.0,2454000000.0,51.0,19.0,29.0,132.0,0.0,3556000000.0,299000000.0,233000000.0,0.0,0.0,21011000000.0,1955000000.0,1478000000.0,9288000000.0,11723000000.0,21011000000.0,3491000000.0,-692000000.0,,,,NBL,Noble Energy Inc,reports,Energy,Oil & Gas Exploration & Production,"Houston, Texas",2007-10-08,72207,0.7548449612403101,-0.5911511675542811
1145,NEM,2013-12-31,832000000.0,0.0,349000000.0,25.0,-1900000000.0,8538000000.0,60.0,1555000000.0,0.0,789000000.0,5299000000.0,178.0,1478000000.0,635000000.0,1362000000.0,-3303000000.0,-3606000000.0,-24000000.0,-5000000.0,16957000000.0,0.0,37.0,3115000000.0,-755000000.0,0.0,303000000.0,1522000000.0,588000000.0,0.0,6145000000.0,439000000.0,2916000000.0,0.0,383000000.0,-6000000.0,1543000000.0,-212000000.0,-1313000000.0,-2534000000.0,4080000000.0,-2534000000.0,-2856000000.0,728000000.0,4352000000.0,-3652000000.0,43.0,844000000.0,1006000000.0,1313000000.0,-182000000.0,0.0,-1000000.0,2178000000.0,-1086000000.0,1362000000.0,43.0,36.0,30.0,123.0,469000000.0,848000000.0,17000000.0,584000000.0,595000000.0,78000000.0,24607000000.0,4889000000.0,2740000000.0,9993000000.0,14614000000.0,24607000000.0,8414000000.0,0.0,2013.0,-4.94,512955465.587,NEM,Newmont Mining Corp. (Hldg. Co.),reports,Materials,Gold,"Denver, Colorado",1969-06-30,1164727,0.6149304513159212,-2.4062153163152056
1146,NEM,2014-12-31,787000000.0,0.0,157000000.0,5.0,-1110000000.0,8712000000.0,113.0,2403000000.0,0.0,798000000.0,4457000000.0,247.0,1790000000.0,656000000.0,1229000000.0,867000000.0,506000000.0,-18000000.0,-4000000.0,16470000000.0,0.0,39.0,2835000000.0,133000000.0,0.0,361000000.0,1366000000.0,-1000000.0,0.0,6480000000.0,334000000.0,2815000000.0,0.0,-117000000.0,848000000.0,1438000000.0,-65000000.0,-507000000.0,508000000.0,591000000.0,508000000.0,369000000.0,716000000.0,26000000.0,710000000.0,10.0,883000000.0,881000000.0,1245000000.0,-478000000.0,0.0,604000000.0,2493000000.0,-698000000.0,1229000000.0,7.0,5.0,7.0,185.0,325000000.0,1242000000.0,170000000.0,545000000.0,166000000.0,73000000.0,24916000000.0,5439000000.0,2198000000.0,10274000000.0,14642000000.0,24916000000.0,7292000000.0,0.0,2014.0,1.02,498039215.686,NEM,Newmont Mining Corp. (Hldg. Co.),reports,Materials,Gold,"Denver, Colorado",1969-06-30,1164727,0.6307183180844851,-1.2004735595895817
1147,NEM,2015-12-31,727000000.0,0.0,128000000.0,2.0,-1401000000.0,9427000000.0,198.0,2782000000.0,0.0,847000000.0,4312000000.0,352.0,1718000000.0,840000000.0,1239000000.0,1291000000.0,966000000.0,-21000000.0,-45000000.0,17303000000.0,0.0,44.0,3417000000.0,644000000.0,0.0,325000000.0,1606000000.0,29000000.0,0.0,6087000000.0,402000000.0,2942000000.0,0.0,-462000000.0,379000000.0,2145000000.0,296000000.0,-2041000000.0,220000000.0,950000000.0,220000000.0,277000000.0,445000000.0,56000000.0,1163000000.0,15.0,776000000.0,131000000.0,540000000.0,-334000000.0,0.0,-669000000.0,2547000000.0,-336000000.0,1239000000.0,12.0,9.0,3.0,238.0,289000000.0,1410000000.0,813000000.0,670000000.0,149000000.0,19000000.0,25182000000.0,4983000000.0,1416000000.0,11350000000.0,13832000000.0,25182000000.0,7729000000.0,0.0,2015.0,0.43,511627906.977,NEM,Newmont Mining Corp. (Hldg. Co.),reports,Materials,Gold,"Denver, Colorado",1969-06-30,1164727,0.5362995594713656,-0.5669291338582677
1150,NFLX,2015-12-31,393880000.0,0.0,-31225000.0,6.0,-91248000.0,0.0,65.0,1809330000.0,0.0,1324809000.0,4591476000.0,154.0,0.0,0.0,3547045000.0,274601000.0,141885000.0,-15924000.0,0.0,173412000.0,0.0,32.0,2188035000.0,19244000.0,4312817000.0,132716000.0,0.0,-8074000.0,172560000.0,2371362000.0,0.0,0.0,0.0,1500000000.0,695722000.0,-749439000.0,1640277000.0,-179192000.0,122641000.0,-4592012000.0,122641000.0,122641000.0,0.0,0.0,305826000.0,5.0,284802000.0,3121125000.0,3135744000.0,-43308000.0,-545000.0,-79870000.0,2078459000.0,327000.0,0.0,2.0,6.0,2.0,154.0,650788000.0,941925000.0,60351000.0,1231421000.0,0.0,501385000.0,10202871000.0,5431840000.0,3529624000.0,2223426000.0,7979445000.0,10202871000.0,6779511000.0,0.0,2015.0,0.29,422900000.0,NFLX,Netflix Inc.,reports,Information Technology,Internet Software & Services,"Los Gatos, California",2010-12-20,1065280,1.066535157904963,-0.540324364034348
1153,NFX,2013-12-31,1084000000.0,-62000000.0,-97000000.0,5.0,-2095000000.0,1539000000.0,14.0,185000000.0,-11000000.0,1000000.0,411000000.0,70.0,19000000.0,1142000000.0,930000000.0,353000000.0,201000000.0,0.0,0.0,8275000000.0,0.0,78.0,1446000000.0,128000000.0,0.0,152000000.0,163000000.0,1000000.0,66000000.0,3694000000.0,89000000.0,0.0,0.0,645000000.0,7000000.0,1445000000.0,620000000.0,-2058000000.0,147000000.0,357000000.0,147000000.0,73000000.0,496000000.0,0.0,450000000.0,24.0,37000000.0,57000000.0,144000000.0,2000000.0,0.0,36000000.0,239000000.0,18000000.0,685000000.0,11.0,7.0,8.0,57.0,0.0,1427000000.0,-25000000.0,311000000.0,62000000.0,0.0,9321000000.0,901000000.0,1290000000.0,2956000000.0,6365000000.0,9321000000.0,1857000000.0,-13000000.0,2013.0,0.94,156382978.723,NFX,Newfield Exploration Co,reports,Energy,Oil & Gas Exploration & Production,"Houston, Texas",2010-12-20,912750,1.249661705006766,-1.1241554054054055
1155,NFX,2015-12-31,632000000.0,83000000.0,245000000.0,244.0,-1745000000.0,2436000000.0,1.0,5000000.0,-2000000.0,2000000.0,497000000.0,97.0,0.0,35000000.0,917000000.0,-4816000000.0,-4947000000.0,0.0,0.0,3991000000.0,0.0,68.0,1060000000.0,-1585000000.0,0.0,131000000.0,34000000.0,0.0,-18000000.0,2467000000.0,125000000.0,0.0,0.0,-424000000.0,-9000000.0,1209000000.0,380000000.0,-1598000000.0,-3362000000.0,3616000000.0,-3362000000.0,-3362000000.0,262000000.0,0.0,-5061000000.0,325.0,27000000.0,324000000.0,2000000.0,-2000000.0,-3000000.0,90000000.0,240000000.0,-25000000.0,917000000.0,318.0,359.0,216.0,91.0,0.0,-1035000000.0,807000000.0,5204000000.0,13000000.0,0.0,4768000000.0,625000000.0,647000000.0,1379000000.0,3389000000.0,4768000000.0,1557000000.0,-22000000.0,2015.0,-21.18,158734655.335,NFX,Newfield Exploration Co,reports,Energy,Oil & Gas Exploration & Production,"Houston, Texas",2010-12-20,912750,1.7889775199419868,-4.735555555555555
1161,NLSN,2014-12-31,1097000000.0,-93000000.0,-168000000.0,8.0,-163000000.0,6344000000.0,15.0,273000000.0,0.0,32000000.0,2620000000.0,112.0,83000000.0,1025000000.0,573000000.0,921000000.0,621000000.0,-67000000.0,-4000000.0,533000000.0,7671000000.0,58.0,3668000000.0,236000000.0,4715000000.0,300000000.0,0.0,-6000000.0,-23000000.0,6419000000.0,0.0,77000000.0,0.0,212000000.0,-291000000.0,1093000000.0,-585000000.0,-732000000.0,384000000.0,331000000.0,384000000.0,384000000.0,1241000000.0,89000000.0,1089000000.0,17.0,313000000.0,497000000.0,304000000.0,-777000000.0,-78000000.0,-563000000.0,955000000.0,-76000000.0,573000000.0,10.0,12.0,6.0,112.0,0.0,-128000000.0,-363000000.0,1917000000.0,393000000.0,0.0,15326000000.0,2011000000.0,1794000000.0,5056000000.0,10270000000.0,15326000000.0,6288000000.0,-415000000.0,2014.0,1.01,380198019.802,NLSN,Nielsen Holdings,reports,Industrials,Research & Consulting Services,"New York, New York",2013-07-09,1492633,1.2695806962025316,-0.48108108108108105
1167,NOV,2015-12-31,4247000000.0,1639000000.0,-109000000.0,5.0,-453000000.0,8005000000.0,49.0,2080000000.0,410000000.0,4000000.0,11694000000.0,278.0,488000000.0,1805000000.0,747000000.0,-486000000.0,-589000000.0,-111000000.0,13000000.0,3124000000.0,6980000000.0,21.0,3063000000.0,178000000.0,3849000000.0,103000000.0,4678000000.0,0.0,-2560000000.0,3928000000.0,327000000.0,77000000.0,0.0,762000000.0,-1456000000.0,1332000000.0,-2163000000.0,-514000000.0,-769000000.0,1818000000.0,-769000000.0,-767000000.0,4552000000.0,1689000000.0,-390000000.0,3.0,156000000.0,491000000.0,0.0,-1553000000.0,0.0,-61000000.0,283000000.0,45000000.0,0.0,4.0,4.0,5.0,168.0,0.0,9927000000.0,-2214000000.0,1764000000.0,2000000.0,0.0,26725000000.0,11801000000.0,4249000000.0,16383000000.0,10342000000.0,26725000000.0,14757000000.0,0.0,2015.0,-1.99,386432160.804,NOV,National Oilwell Varco Inc.,reports,Energy,Oil & Gas Equipment & Services,"Houston, Texas",,1021860,0.23976072758347067,-1.3073541167066347
1175,NTAP,2016-04-29,1019000000.0,-16000000.0,48000000.0,8.0,-160000000.0,0.0,145.0,2868000000.0,49000000.0,2912000000.0,2173000000.0,176.0,0.0,1591000000.0,279000000.0,345000000.0,345000000.0,-4000000.0,0.0,937000000.0,1676000000.0,61.0,3373000000.0,116000000.0,180000000.0,0.0,98000000.0,982000000.0,163000000.0,1490000000.0,0.0,0.0,0.0,850000000.0,946000000.0,974000000.0,-109000000.0,85000000.0,229000000.0,166000000.0,229000000.0,229000000.0,813000000.0,116000000.0,348000000.0,6.0,796000000.0,234000000.0,1794000000.0,-31000000.0,136000000.0,-737000000.0,413000000.0,104000000.0,0.0,6.0,12.0,4.0,173.0,861000000.0,0.0,-890000000.0,2099000000.0,849000000.0,2435000000.0,10037000000.0,6448000000.0,3662000000.0,2881000000.0,7156000000.0,10037000000.0,5546000000.0,0.0,2016.0,0.78,293589743.59,NTAP,NetApp,reports,Information Technology,Internet Software & Services,"Sunnyvale, California",,1002047,0.5171815341895175,-0.5910714285714286
1183,NUE,2015-12-31,1333858000.0,655489000.0,0.0,5.0,-374123000.0,1918970000.0,147.0,1939469000.0,593830000.0,151426000.0,14858014000.0,415.0,0.0,718613000.0,700017000.0,877440000.0,703909000.0,-10271000.0,5329000.0,4891153000.0,2011278000.0,10.0,1581262000.0,213154000.0,770672000.0,173531000.0,2145444000.0,-475000.0,-432399000.0,4360600000.0,0.0,369135000.0,0.0,-172116000.0,915325000.0,2157043000.0,-789751000.0,-441696000.0,357659000.0,217912000.0,357659000.0,357659000.0,1383823000.0,244833000.0,877440000.0,5.0,822916000.0,185644000.0,0.0,-351362000.0,-2184000.0,-67098000.0,0.0,-73890000.0,0.0,4.0,9.0,2.0,261.0,0.0,7255972000.0,-66081000.0,458989000.0,51315000.0,100000000.0,14250399000.0,5754380000.0,1385173000.0,7416878000.0,6833521000.0,14250399000.0,16439276000.0,-1558128000.0,2015.0,1.11,322215315.315,NUE,Nucor Corp.,reports,Materials,Steel,"Charlotte, North Carolina",1985-04-30,73309,0.5879293147332341,-0.4990391430164186
1193,NWS,2014-06-30,1464000000.0,-102000000.0,-653000000.0,2.0,-358000000.0,12390000000.0,139.0,3145000000.0,24000000.0,6000000.0,0.0,233.0,0.0,224000000.0,552000000.0,-178000000.0,-178000000.0,27000000.0,90000000.0,3009000000.0,2782000000.0,100.0,8486000000.0,-614000000.0,2137000000.0,0.0,0.0,-84000000.0,1000000.0,0.0,2609000000.0,156000000.0,0.0,217000000.0,933000000.0,1029000000.0,189000000.0,-285000000.0,239000000.0,260000000.0,239000000.0,436000000.0,1454000000.0,94000000.0,317000000.0,4.0,682000000.0,671000000.0,800000000.0,610000000.0,-4000000.0,157000000.0,582000000.0,0.0,552000000.0,2.0,1.0,3.0,233.0,0.0,237000000.0,0.0,7523000000.0,0.0,0.0,16489000000.0,5270000000.0,2264000000.0,13243000000.0,3226000000.0,16469000000.0,8486000000.0,0.0,,,,NWS,News Corp. Class B,reports,Consumer Discretionary,Publishing,"New York, New York",2015-09-18,1564708,0.0,-0.5276679841897234
1194,NWS,2015-06-30,1363000000.0,29000000.0,75000000.0,1.0,-308000000.0,12433000000.0,92.0,1951000000.0,18000000.0,6000000.0,0.0,190.0,219000000.0,166000000.0,498000000.0,552000000.0,552000000.0,-94000000.0,58000000.0,2690000000.0,3063000000.0,100.0,8524000000.0,185000000.0,2203000000.0,0.0,0.0,-370000000.0,12000000.0,0.0,2379000000.0,171000000.0,0.0,-129000000.0,-873000000.0,988000000.0,-190000000.0,-1671000000.0,-147000000.0,509000000.0,-147000000.0,367000000.0,1283000000.0,84000000.0,363000000.0,4.0,467000000.0,780000000.0,747000000.0,-582000000.0,-1000000.0,-993000000.0,623000000.0,0.0,498000000.0,6.0,5.0,2.0,190.0,0.0,88000000.0,-30000000.0,7579000000.0,0.0,0.0,15035000000.0,4014000000.0,2110000000.0,11945000000.0,3070000000.0,15015000000.0,8524000000.0,0.0,,,,NWS,News Corp. Class B,reports,Consumer Discretionary,Publishing,"New York, New York",2015-09-18,1564708,0.0,-1.6150627615062763
1195,NWS,2016-06-30,1588000000.0,22000000.0,18000000.0,2.0,-256000000.0,12434000000.0,88.0,2147000000.0,35000000.0,6000000.0,0.0,159.0,602000000.0,171000000.0,505000000.0,181000000.0,181000000.0,-36000000.0,30000000.0,2405000000.0,3714000000.0,100.0,8292000000.0,-54000000.0,2207000000.0,0.0,0.0,-105000000.0,316000000.0,369000000.0,2270000000.0,218000000.0,0.0,342000000.0,-22000000.0,952000000.0,150000000.0,-1124000000.0,179000000.0,-176000000.0,179000000.0,235000000.0,1229000000.0,247000000.0,90000000.0,1.0,396000000.0,513000000.0,854000000.0,-1026000000.0,-4000000.0,-763000000.0,699000000.0,0.0,505000000.0,2.0,2.0,2.0,159.0,0.0,150000000.0,-41000000.0,7450000000.0,0.0,0.0,15483000000.0,3889000000.0,2442000000.0,11564000000.0,3899000000.0,15463000000.0,8292000000.0,0.0,,,,NWS,News Corp. Class B,reports,Consumer Discretionary,Publishing,"New York, New York",2015-09-18,1564708,0.031909373919059146,-2.217687074829932
1197,NWSA,2014-06-30,1464000000.0,-102000000.0,-653000000.0,2.0,-358000000.0,12390000000.0,139.0,3145000000.0,24000000.0,6000000.0,0.0,233.0,0.0,224000000.0,552000000.0,-178000000.0,-178000000.0,27000000.0,90000000.0,3009000000.0,2782000000.0,100.0,8486000000.0,-614000000.0,2137000000.0,0.0,0.0,-84000000.0,1000000.0,0.0,2609000000.0,156000000.0,0.0,217000000.0,933000000.0,1029000000.0,189000000.0,-285000000.0,239000000.0,260000000.0,239000000.0,436000000.0,1454000000.0,94000000.0,317000000.0,4.0,682000000.0,671000000.0,800000000.0,610000000.0,-4000000.0,157000000.0,582000000.0,0.0,552000000.0,2.0,1.0,3.0,233.0,0.0,237000000.0,0.0,7523000000.0,0.0,0.0,16489000000.0,5270000000.0,2264000000.0,13243000000.0,3226000000.0,16469000000.0,8486000000.0,0.0,2014.0,0.41,582926829.268,NWSA,News Corp. Class A,reports,Consumer Discretionary,Publishing,"New York, New York",2013-08-01,1564708,0.0,-0.5276679841897234
1198,NWSA,2015-06-30,1363000000.0,29000000.0,75000000.0,1.0,-308000000.0,12433000000.0,92.0,1951000000.0,18000000.0,6000000.0,0.0,190.0,219000000.0,166000000.0,498000000.0,552000000.0,552000000.0,-94000000.0,58000000.0,2690000000.0,3063000000.0,100.0,8524000000.0,185000000.0,2203000000.0,0.0,0.0,-370000000.0,12000000.0,0.0,2379000000.0,171000000.0,0.0,-129000000.0,-873000000.0,988000000.0,-190000000.0,-1671000000.0,-147000000.0,509000000.0,-147000000.0,367000000.0,1283000000.0,84000000.0,363000000.0,4.0,467000000.0,780000000.0,747000000.0,-582000000.0,-1000000.0,-993000000.0,623000000.0,0.0,498000000.0,6.0,5.0,2.0,190.0,0.0,88000000.0,-30000000.0,7579000000.0,0.0,0.0,15035000000.0,4014000000.0,2110000000.0,11945000000.0,3070000000.0,15015000000.0,8524000000.0,0.0,2015.0,-0.26,565384615.385,NWSA,News Corp. Class A,reports,Consumer Discretionary,Publishing,"New York, New York",2013-08-01,1564708,0.0,-1.6150627615062763
1199,NWSA,2016-06-30,1588000000.0,22000000.0,18000000.0,2.0,-256000000.0,12434000000.0,88.0,2147000000.0,35000000.0,6000000.0,0.0,159.0,602000000.0,171000000.0,505000000.0,181000000.0,181000000.0,-36000000.0,30000000.0,2405000000.0,3714000000.0,100.0,8292000000.0,-54000000.0,2207000000.0,0.0,0.0,-105000000.0,316000000.0,369000000.0,2270000000.0,218000000.0,0.0,342000000.0,-22000000.0,952000000.0,150000000.0,-1124000000.0,179000000.0,-176000000.0,179000000.0,235000000.0,1229000000.0,247000000.0,90000000.0,1.0,396000000.0,513000000.0,854000000.0,-1026000000.0,-4000000.0,-763000000.0,699000000.0,0.0,505000000.0,2.0,2.0,2.0,159.0,0.0,150000000.0,-41000000.0,7450000000.0,0.0,0.0,15483000000.0,3889000000.0,2442000000.0,11564000000.0,3899000000.0,15463000000.0,8292000000.0,0.0,2016.0,0.3,596666666.667,NWSA,News Corp. Class A,reports,Consumer Discretionary,Publishing,"New York, New York",2013-08-01,1564708,0.031909373919059146,-2.217687074829932
1218,OXY,2014-12-31,8244000000.0,1413000000.0,2635000000.0,2.0,-8930000000.0,7599000000.0,95.0,7808000000.0,-112000000.0,178000000.0,6803000000.0,168.0,0.0,6218000000.0,4261000000.0,1301000000.0,1224000000.0,0.0,331000000.0,39730000000.0,0.0,65.0,12509000000.0,1685000000.0,0.0,77000000.0,1052000000.0,4177000000.0,-584000000.0,6838000000.0,2656000000.0,0.0,0.0,-4126000000.0,396000000.0,11068000000.0,-2202000000.0,-8470000000.0,630000000.0,5371000000.0,616000000.0,-130000000.0,4206000000.0,7529000000.0,-1334000000.0,7.0,0.0,807000000.0,0.0,-357000000.0,126000000.0,-3717000000.0,0.0,89000000.0,4261000000.0,6.0,4.0,3.0,156.0,0.0,36067000000.0,4008000000.0,2053000000.0,0.0,0.0,56259000000.0,13873000000.0,8244000000.0,34959000000.0,21300000000.0,56259000000.0,19312000000.0,-8528000000.0,2014.0,0.79,797468354.43,OXY,Occidental Petroleum,reports,Energy,Oil & Gas Exploration & Production,"Los Angeles, California",1982-12-31,797468,0.19560056065676937,-0.893274606132475
1219,OXY,2015-12-31,5282000000.0,1431000000.0,219000000.0,32.0,-5272000000.0,7640000000.0,64.0,4394000000.0,-24000000.0,178000000.0,5804000000.0,137.0,0.0,5362000000.0,4544000000.0,-9537000000.0,-9684000000.0,0.0,208000000.0,31639000000.0,0.0,53.0,6676000000.0,-1330000000.0,0.0,147000000.0,986000000.0,819000000.0,-2320000000.0,6883000000.0,2396000000.0,0.0,0.0,4304000000.0,-588000000.0,3351000000.0,1484000000.0,-5423000000.0,-7829000000.0,8166000000.0,-7829000000.0,-8146000000.0,2970000000.0,10275000000.0,-9756000000.0,78.0,0.0,1052000000.0,110000000.0,-307000000.0,0.0,-970000000.0,0.0,-617000000.0,4544000000.0,78.0,40.0,63.0,123.0,0.0,25960000000.0,-556000000.0,1613000000.0,1450000000.0,0.0,43437000000.0,9402000000.0,6842000000.0,24350000000.0,19087000000.0,43437000000.0,12480000000.0,-9121000000.0,2015.0,-10.23,765298142.717,OXY,Occidental Petroleum,reports,Energy,Oil & Gas Exploration & Production,"Los Angeles, California",1982-12-31,797468,0.2826694045174538,-13.426984126984127
1229,PBI,2013-12-31,2227755000.0,182567000.0,-32639000.0,70.0,-137512000.0,196977000.0,42.0,907806000.0,67188000.0,323338000.0,1650622000.0,127.0,73751000.0,39701000.0,211243000.0,493222000.0,383954000.0,-12973000.0,0.0,471317000.0,1734871000.0,56.0,2140713000.0,77967000.0,120387000.0,109268000.0,103580000.0,-3599000.0,-105971000.0,3346295000.0,962363000.0,296370000.0,0.0,-667594000.0,-15055000.0,624824000.0,-868062000.0,241156000.0,142835000.0,84185000.0,142835000.0,305987000.0,1601655000.0,84344000.0,525861000.0,14.0,571807000.0,194043000.0,0.0,-574556000.0,6753000.0,382267000.0,657411000.0,24402000.0,0.0,10.0,187.0,4.0,123.0,110412000.0,4715564000.0,0.0,1420096000.0,0.0,31128000.0,6772708000.0,2838212000.0,2227755000.0,205176000.0,6567532000.0,6772708000.0,3791335000.0,-4456742000.0,2013.0,0.71,201176056.338,PBI,Pitney-Bowes,reports,Industrials,"Technology, Hardware, Software and Supplies","Stamford, Connecticut",,78814,16.309388037587244,-0.6791400004043463
1238,PCG,2015-12-31,1620000000.0,-177000000.0,126000000.0,5.0,-5173000000.0,0.0,6.0,357000000.0,37000000.0,11282000000.0,12713000000.0,91.0,0.0,9206000000.0,2612000000.0,1634000000.0,861000000.0,0.0,0.0,46723000000.0,0.0,24.0,4120000000.0,-27000000.0,0.0,773000000.0,439000000.0,-124000000.0,-12000000.0,15925000000.0,2605000000.0,252000000.0,0.0,1506000000.0,-28000000.0,3780000000.0,1403000000.0,-5211000000.0,888000000.0,1319000000.0,874000000.0,888000000.0,2116000000.0,0.0,1508000000.0,9.0,8093000000.0,2901000000.0,3564000000.0,-7000000.0,-27000000.0,86000000.0,14912000000.0,-887000000.0,2612000000.0,5.0,5.0,5.0,84.0,0.0,5301000000.0,780000000.0,0.0,1179000000.0,0.0,63234000000.0,5813000000.0,6363000000.0,16576000000.0,46406000000.0,62982000000.0,16833000000.0,0.0,2015.0,1.81,490607734.807,PCG,PG&E Corp.,reports,Utilities,MultiUtilities,"San Francisco, California",,1004980,0.9607263513513513,-0.38758620689655177
1258,PFE,2014-12-31,7293000000.0,148000000.0,-1009000000.0,13.0,-1199000000.0,78977000000.0,167.0,3343000000.0,175000000.0,455000000.0,9577000000.0,258.0,1944000000.0,23317000000.0,5537000000.0,12240000000.0,12240000000.0,-83000000.0,0.0,11762000000.0,42069000000.0,81.0,40028000000.0,3120000000.0,35166000000.0,0.0,5663000000.0,-4223000000.0,-548000000.0,35894000000.0,17518000000.0,321000000.0,0.0,549000000.0,1160000000.0,16883000000.0,-9986000000.0,-5654000000.0,9135000000.0,754000000.0,9135000000.0,9119000000.0,10967000000.0,250000000.0,13249000000.0,27.0,3513000000.0,2843000000.0,9153000000.0,-7316000000.0,72000000.0,-232000000.0,15147000000.0,1648000000.0,4039000000.0,25.0,17.0,18.0,231.0,8393000000.0,72176000000.0,-3998000000.0,14097000000.0,5141000000.0,32779000000.0,167566000000.0,55595000000.0,21587000000.0,71301000000.0,96265000000.0,167566000000.0,49605000000.0,-73021000000.0,2014.0,1.44,6343750000.0,PFE,Pfizer Inc.,reports,Health Care,Pharmaceuticals,"New York, New York",,78003,0.5034150993674703,-0.5848293414534382
1277,PHM,2014-12-31,1663012000.0,0.0,-26736000.0,10.0,-48790000.0,3072996000.0,,1309220000.0,-337939000.0,3695000.0,4244479000.0,,0.0,0.0,39864000.0,689758000.0,689758000.0,0.0,0.0,101190000.0,0.0,27.0,1577884000.0,215420000.0,123115000.0,0.0,4392100000.0,-82428000.0,-38646000.0,1958802000.0,379899000.0,0.0,0.0,-216054000.0,-343824000.0,307881000.0,-529092000.0,-122613000.0,474338000.0,270247000.0,474338000.0,474338000.0,1720668000.0,0.0,716494000.0,12.0,543218000.0,0.0,142642000.0,-690000.0,0.0,8605000.0,0.0,-99983000.0,0.0,12.0,14.0,8.0,,0.0,1728953000.0,-237392000.0,861390000.0,0.0,0.0,8569410000.0,0.0,0.0,4804954000.0,3764456000.0,8569410000.0,5822363000.0,0.0,2014.0,1.27,373494488.189,PHM,Pulte Homes Inc.,reports,Consumer Discretionary,Homebuilding,"Atlanta, Georgia",1984-04-30,822416,0.4076630078040289,-0.818962977211696
1293,PNR,2013-12-31,889300000.0,-106300000.0,25200000.0,9.0,-170000000.0,5071400000.0,16.0,256000000.0,58100000.0,113500000.0,4629600000.0,201.0,0.0,557000000.0,275400000.0,767800000.0,692500000.0,21000000.0,2000000.0,1510600000.0,4860700000.0,34.0,2370100000.0,177000000.0,1749900000.0,75300000.0,1195100000.0,0.0,148600000.0,2547900000.0,0.0,122400000.0,0.0,97500000.0,18600000.0,927900000.0,-719100000.0,-211200000.0,536800000.0,-33900000.0,536800000.0,511700000.0,1285000000.0,11000000.0,742600000.0,11.0,390000000.0,496000000.0,718400000.0,-43600000.0,0.0,-41200000.0,810500000.0,46800000.0,0.0,10.0,11.0,8.0,127.0,122800000.0,1829100000.0,-637800000.0,1493700000.0,2500000.0,0.0,11743300000.0,3232100000.0,1610200000.0,6095300000.0,5648000000.0,11743300000.0,6999700000.0,-875100000.0,2013.0,2.67,201048689.139,PNR,Pentair Ltd.,reports,Industrials,Industrial Machinery,"Worsley, UK",2012-10-01,77360,0.4180105983298607,-6.007462686567164
1294,PNR,2014-12-31,888600000.0,9000000.0,3500000.0,5.0,-129600000.0,4250000000.0,7.0,110400000.0,-3700000.0,2000000.0,4576000000.0,177.0,0.0,528300000.0,252700000.0,855400000.0,783100000.0,-30600000.0,1200000.0,974900000.0,4741900000.0,35.0,2463000000.0,177300000.0,1608100000.0,72300000.0,1130400000.0,0.0,106200000.0,2997400000.0,0.0,0.0,0.0,454500000.0,-145600000.0,1008400000.0,-995100000.0,-128300000.0,214900000.0,462600000.0,214900000.0,607000000.0,1205900000.0,0.0,851900000.0,12.0,436200000.0,447400000.0,744200000.0,-380300000.0,0.0,1300000.0,826200000.0,-36700000.0,0.0,11.0,17.0,3.0,108.0,117300000.0,2044000000.0,-1247700000.0,1493800000.0,6700000.0,0.0,10655200000.0,2894100000.0,1639500000.0,4663800000.0,5991400000.0,10655200000.0,7039000000.0,-1251900000.0,2014.0,1.13,190176991.15,PNR,Pentair Ltd.,reports,Industrials,Industrial Machinery,"Worsley, UK",2012-10-01,77360,0.6426947982332004,-0.5996646795827123
1295,PNR,2015-12-31,841700000.0,48800000.0,2800000.0,2.0,-134300000.0,2860300000.0,8.0,126300000.0,1400000.0,1800000.0,4263200000.0,187.0,0.0,844200000.0,271700000.0,180000000.0,71300000.0,-44200000.0,2800000.0,942800000.0,5255400000.0,34.0,2185800000.0,139100000.0,2490100000.0,108700000.0,1174300000.0,0.0,-80400000.0,4709300000.0,0.0,0.0,0.0,1719400000.0,15900000.0,739300000.0,1286300000.0,-1965500000.0,-76400000.0,580900000.0,-76400000.0,-65000000.0,1167700000.0,554700000.0,177200000.0,3.0,388100000.0,312300000.0,644100000.0,-645000000.0,0.0,-1831200000.0,808200000.0,4000000.0,0.0,1.0,2.0,1.0,108.0,119600000.0,1791700000.0,-180600000.0,1334300000.0,700000.0,0.0,11857000000.0,2780600000.0,1486500000.0,4008800000.0,7848200000.0,11857000000.0,6449000000.0,0.0,2015.0,-0.42,181904761.905,PNR,Pentair Ltd.,reports,Industrials,Industrial Machinery,"Worsley, UK",2012-10-01,77360,1.1747405707443623,-1.3555141926477432
1301,PPG,2014-12-31,3547000000.0,-116000000.0,48000000.0,41.0,-564000000.0,1028000000.0,24.0,686000000.0,-99000000.0,484000000.0,8348000000.0,132.0,875000000.0,666000000.0,450000000.0,1533000000.0,1346000000.0,-132000000.0,0.0,3092000000.0,3801000000.0,44.0,6443000000.0,237000000.0,2411000000.0,187000000.0,1825000000.0,135000000.0,231000000.0,3533000000.0,443000000.0,85000000.0,0.0,381000000.0,-430000000.0,1528000000.0,-969000000.0,-857000000.0,2102000000.0,-707000000.0,2102000000.0,1109000000.0,2815000000.0,12000000.0,1485000000.0,10.0,470000000.0,620000000.0,847000000.0,-2116000000.0,-74000000.0,-428000000.0,3196000000.0,-200000000.0,450000000.0,9.0,26.0,14.0,95.0,483000000.0,14498000000.0,-915000000.0,4013000000.0,481000000.0,497000000.0,17535000000.0,6443000000.0,4875000000.0,5180000000.0,12355000000.0,17535000000.0,14791000000.0,-8714000000.0,2014.0,15.2,138289473.684,PPG,PPG Industries,reports,Materials,Diversified Chemicals,"Pittsburgh, Pennsylvania",,79879,0.682046332046332,-0.3494274218508202
1302,PPG,2015-12-31,3419000000.0,-150000000.0,71000000.0,28.0,-454000000.0,635000000.0,31.0,1311000000.0,31000000.0,969000000.0,8206000000.0,143.0,711000000.0,460000000.0,471000000.0,1908000000.0,1783000000.0,-63000000.0,0.0,2822000000.0,3669000000.0,44.0,6560000000.0,424000000.0,2178000000.0,125000000.0,1659000000.0,327000000.0,192000000.0,4026000000.0,367000000.0,86000000.0,0.0,342000000.0,625000000.0,1837000000.0,-754000000.0,-395000000.0,1406000000.0,-39000000.0,1406000000.0,1359000000.0,2709000000.0,152000000.0,1837000000.0,12.0,617000000.0,889000000.0,995000000.0,-2702000000.0,-15000000.0,-268000000.0,2826000000.0,-197000000.0,471000000.0,12.0,36.0,10.0,108.0,476000000.0,15521000000.0,-698000000.0,3624000000.0,281000000.0,144000000.0,17076000000.0,6712000000.0,4695000000.0,4983000000.0,12093000000.0,17076000000.0,14766000000.0,-9440000000.0,2015.0,5.18,271428571.429,PPG,PPG Industries,reports,Materials,Diversified Chemicals,"Pittsburgh, Pennsylvania",,79879,0.8079470198675497,-0.33111322549952427
1303,PPG,2016-12-31,3510000000.0,-59000000.0,24000000.0,18.0,-402000000.0,701000000.0,44.0,1820000000.0,61000000.0,969000000.0,8063000000.0,152.0,154000000.0,417000000.0,462000000.0,952000000.0,827000000.0,-68000000.0,0.0,2759000000.0,3572000000.0,45.0,6688000000.0,241000000.0,1983000000.0,125000000.0,1546000000.0,80000000.0,-112000000.0,3787000000.0,179000000.0,87000000.0,0.0,233000000.0,509000000.0,1325000000.0,-1184000000.0,436000000.0,877000000.0,75000000.0,877000000.0,586000000.0,2692000000.0,202000000.0,928000000.0,6.0,670000000.0,351000000.0,101000000.0,-2356000000.0,24000000.0,758000000.0,2412000000.0,-85000000.0,462000000.0,6.0,17.0,6.0,116.0,466000000.0,15984000000.0,-1027000000.0,4630000000.0,629000000.0,43000000.0,15769000000.0,6452000000.0,4240000000.0,4826000000.0,10943000000.0,15769000000.0,14751000000.0,-10472000000.0,,,,PPG,PPG Industries,reports,Materials,Diversified Chemicals,"Pittsburgh, Pennsylvania",,79879,0.7847078325735599,-0.3762446657183499
1307,PPL,2015-12-31,1455000000.0,101000000.0,108000000.0,7.0,-3533000000.0,9687000000.0,22.0,836000000.0,0.0,7000000.0,1718000000.0,68.0,0.0,4057000000.0,942000000.0,2939000000.0,2068000000.0,-10000000.0,0.0,30382000000.0,3550000000.0,78.0,5951000000.0,465000000.0,679000000.0,871000000.0,357000000.0,136000000.0,-238000000.0,18563000000.0,0.0,0.0,0.0,1330000000.0,-563000000.0,2615000000.0,68000000.0,-3588000000.0,682000000.0,1688000000.0,682000000.0,1603000000.0,1185000000.0,0.0,2831000000.0,37.0,2044000000.0,268000000.0,1020000000.0,-2728000000.0,-461000000.0,-191000000.0,2886000000.0,-208000000.0,883000000.0,27.0,21.0,9.0,59.0,0.0,2953000000.0,203000000.0,2237000000.0,1401000000.0,0.0,39301000000.0,2646000000.0,3876000000.0,9919000000.0,29382000000.0,39301000000.0,7669000000.0,0.0,2015.0,1.01,675247524.752,PPL,PPL Corp.,reports,Utilities,Electric Utilities,"Allentown, Pennsylvania",,922224,1.8714588164129449,-0.6073690270581462
1309,PRU,2013-12-31,5422000000.0,0.0,0.0,2.0,0.0,24475000000.0,,11439000000.0,0.0,6000000.0,26973000000.0,,16512000000.0,0.0,411000000.0,-1684000000.0,-1684000000.0,-1014000000.0,59000000.0,0.0,0.0,35.0,14488000000.0,-1058000000.0,0.0,0.0,0.0,-15493000000.0,7036000000.0,31262000000.0,393559000000.0,603000000.0,0.0,721000000.0,-6661000000.0,8445000000.0,2242000000.0,-16334000000.0,-667000000.0,6918000000.0,-667000000.0,-567000000.0,0.0,0.0,-1684000000.0,4.0,302568000000.0,0.0,0.0,8681000000.0,2758000000.0,-841000000.0,651318000000.0,-5360000000.0,0.0,4.0,5.0,2.0,,0.0,14531000000.0,-390000000.0,16172000000.0,10567000000.0,7703000000.0,731781000000.0,0.0,0.0,35278000000.0,696503000000.0,731781000000.0,41461000000.0,-12415000000.0,2013.0,-1.55,430322580.645,PRU,Prudential Financial,reports,Financials,Diversified Financial Services,"Newark, New Jersey",,1137774,0.8861613470151369,-2.282692307692308
1310,PRU,2014-12-31,9881000000.0,0.0,0.0,3.0,0.0,24565000000.0,,14918000000.0,0.0,6000000.0,33560000000.0,,15971000000.0,0.0,631000000.0,1759000000.0,1759000000.0,-458000000.0,16000000.0,0.0,0.0,38.0,20545000000.0,349000000.0,0.0,0.0,0.0,-17292000000.0,11451000000.0,27911000000.0,414858000000.0,579000000.0,0.0,571000000.0,3479000000.0,19396000000.0,1629000000.0,-17088000000.0,1381000000.0,132000000.0,1381000000.0,1426000000.0,0.0,0.0,1759000000.0,3.0,312650000000.0,0.0,0.0,16050000000.0,2816000000.0,204000000.0,677107000000.0,5744000000.0,0.0,3.0,4.0,3.0,,0.0,14888000000.0,-731000000.0,18786000000.0,13246000000.0,8258000000.0,766655000000.0,0.0,0.0,41770000000.0,724885000000.0,766655000000.0,54105000000.0,-13739000000.0,2014.0,-2.69,-513382899.628,PRU,Prudential Financial,reports,Financials,Diversified Financial Services,"Newark, New Jersey",,1137774,0.6682068470193919,-3.070464767616192
1317,PVH,2014-02-02,1427100000.0,-31700000.0,-32900000.0,3.0,-237100000.0,2696600000.0,38.0,593200000.0,-44300000.0,82700000.0,3967100000.0,193.0,0.0,0.0,313600000.0,513400000.0,328700000.0,-8400000.0,8000000.0,712100000.0,3506800000.0,52.0,4219300000.0,185300000.0,4052200000.0,192200000.0,1281000000.0,45700000.0,-101200000.0,3878200000.0,0.0,0.0,5600000.0,1339400000.0,-299000000.0,411900000.0,1354800000.0,-2057300000.0,143500000.0,-23800000.0,143500000.0,111100000.0,761200000.0,0.0,545800000.0,7.0,305900000.0,363200000.0,33500000.0,42300000.0,0.0,-1865900000.0,1804200000.0,155900000.0,0.0,4.0,8.0,2.0,111.0,0.0,1574800000.0,-9900000.0,3673500000.0,91800000.0,0.0,11575600000.0,2998600000.0,1552400000.0,4335200000.0,7240400000.0,11575600000.0,8186400000.0,-61200000.0,2013.0,1.77,81073446.3277,PVH,PVH Corp.,reports,Consumer Discretionary,"Apparel, Accessories & Luxury Goods","New York, New York",2013-02-15,78239,0.894583871563019,-0.6692023974181651
1333,QCOM,2015-09-27,2161000000.0,550000000.0,815000000.0,17.0,-994000000.0,0.0,284.0,7560000000.0,93000000.0,0.0,10378000000.0,362.0,1453000000.0,2496000000.0,1214000000.0,6591000000.0,6487000000.0,-20000000.0,0.0,2534000000.0,5479000000.0,59.0,14903000000.0,1219000000.0,3742000000.0,104000000.0,1492000000.0,178000000.0,-1797000000.0,9969000000.0,13626000000.0,-7000000.0,0.0,10937000000.0,-347000000.0,5506000000.0,-2261000000.0,-3572000000.0,5271000000.0,971000000.0,5271000000.0,5268000000.0,2599000000.0,0.0,5776000000.0,23.0,1863000000.0,687000000.0,2939000000.0,195000000.0,38000000.0,-2756000000.0,817000000.0,-793000000.0,0.0,26.0,21.0,21.0,338.0,5490000000.0,31226000000.0,-10459000000.0,3637000000.0,1000000000.0,9761000000.0,50796000000.0,22099000000.0,6100000000.0,31421000000.0,19375000000.0,50796000000.0,25281000000.0,0.0,2015.0,3.26,1616871165.64,QCOM,QUALCOMM Inc.,reports,Information Technology,Semiconductors,"San Diego, California",,804328,0.3172718882276185,-0.33839588301744694
1337,QRVO,2016-04-02,343253000.0,36682000.0,8486000.0,1.0,-315624000.0,0.0,164.0,425881000.0,-84116000.0,5442613000.0,1561173000.0,404.0,0.0,152160000.0,674960000.0,20454000.0,-2862000.0,-294000.0,0.0,1046888000.0,2135697000.0,40.0,1049553000.0,25983000.0,1812515000.0,23316000.0,427551000.0,36057000.0,-5387000.0,988130000.0,26050000.0,0.0,0.0,1000131000.0,126067000.0,687927000.0,-282852000.0,-278714000.0,-28845000.0,123504000.0,-28845000.0,-28845000.0,363736000.0,0.0,11968000.0,0.0,66459000.0,105234000.0,30548000.0,-3133000.0,-22196000.0,853000.0,83056000.0,-28871000.0,0.0,0.0,0.0,1.0,289.0,448763000.0,-439808000.0,-1248134000.0,588822000.0,0.0,186808000.0,6596819000.0,1509210000.0,373801000.0,4999672000.0,1597147000.0,6596819000.0,2610726000.0,0.0,2016.0,-0.2,144225000.0,QRVO,Qorvo,reports,Information Technology,Semiconductors,"Greensboro, North Carolina",2015-06-11,1604778,0.19763896511611162,-1.1469412082342094
1361,RL,2016-04-02,1082000000.0,129000000.0,2000000.0,11.0,-418000000.0,2258000000.0,91.0,456000000.0,-91000000.0,1000000.0,3218000000.0,255.0,119000000.0,0.0,310000000.0,573000000.0,552000000.0,5000000.0,-11000000.0,1583000000.0,918000000.0,57.0,4187000000.0,156000000.0,244000000.0,21000000.0,1125000000.0,-143000000.0,67000000.0,597000000.0,0.0,0.0,0.0,155000000.0,-44000000.0,1007000000.0,-473000000.0,-583000000.0,396000000.0,179000000.0,396000000.0,385000000.0,575000000.0,192000000.0,582000000.0,8.0,296000000.0,268000000.0,0.0,-181000000.0,-2000000.0,-22000000.0,674000000.0,17000000.0,24000000.0,7.0,15.0,5.0,161.0,0.0,6015000000.0,-466000000.0,3389000000.0,116000000.0,629000000.0,6213000000.0,3053000000.0,1198000000.0,3744000000.0,2469000000.0,6213000000.0,7405000000.0,-4349000000.0,2016.0,4.65,85161290.3226,RL,Polo Ralph Lauren Corp.,reports,Consumer Discretionary,"Apparel, Accessories & Luxury Goods","New York, New York",2007-02-02,1037038,0.1594551282051282,-0.4358974358974359
1377,RRC,2015-12-31,335513000.0,64704000.0,-12987000.0,26.0,-1035085000.0,2442623000.0,0.0,471000.0,-14868000.0,1693000.0,648968000.0,125.0,0.0,882760000.0,1200712000.0,-885923000.0,-1052362000.0,0.0,0.0,6380760000.0,0.0,45.0,532736000.0,-338677000.0,0.0,166439000.0,33217000.0,367000.0,-66667000.0,2651303000.0,7218000.0,0.0,0.0,-446120000.0,23000.0,683700000.0,-464905000.0,-218772000.0,-713685000.0,213504000.0,-713685000.0,-736180000.0,123842000.0,659199000.0,-872936000.0,74.0,72979000.0,281544000.0,15071000.0,0.0,0.0,815946000.0,254590000.0,0.0,581155000.0,89.0,38.0,60.0,115.0,0.0,317587000.0,8298000.0,165318000.0,1136000.0,0.0,6900031000.0,439074000.0,351720000.0,2759658000.0,4140373000.0,6900031000.0,1181704000.0,-2245000.0,2015.0,-4.29,166360139.86,RRC,Range Resources Corp.,reports,Energy,Oil & Gas Exploration & Production,"Fort Worth, Texas",2007-12-21,315852,0.9607360767167525,-2.12500827577075
1397,SE,2015-12-31,768000000.0,141000000.0,114000000.0,3.0,-2848000000.0,5053000000.0,6.0,213000000.0,-40000000.0,1000000.0,2335000000.0,49.0,0.0,5445000000.0,778000000.0,1257000000.0,621000000.0,-7000000.0,-290000000.0,22918000000.0,4154000000.0,55.0,2899000000.0,161000000.0,0.0,636000000.0,307000000.0,98000000.0,83000000.0,12892000000.0,2902000000.0,3006000000.0,339000000.0,861000000.0,-2000000.0,2247000000.0,540000000.0,-2782000000.0,196000000.0,888000000.0,196000000.0,-94000000.0,806000000.0,349000000.0,1433000000.0,27.0,1301000000.0,322000000.0,860000000.0,-269000000.0,-5000000.0,-32000000.0,1323000000.0,-63000000.0,764000000.0,12.0,10.0,4.0,40.0,0.0,1741000000.0,878000000.0,353000000.0,1764000000.0,0.0,32923000000.0,1648000000.0,3392000000.0,6526000000.0,26397000000.0,32923000000.0,5234000000.0,0.0,2014.0,0.29,675862068.966,SE,Spectra Energy Corp.,reports,Energy,Oil & Gas Refining & Marketing & Transportation,"Houston, Texas",,1373835,1.9754826846460312,-0.8188539741219963
1412,SJM,2015-04-30,684600000.0,21800000.0,-169100000.0,5.0,-247700000.0,6007700000.0,12.0,125600000.0,25300000.0,29900000.0,3724000000.0,194.0,0.0,2397000000.0,268400000.0,602900000.0,523000000.0,-28600000.0,0.0,1678300000.0,6011600000.0,35.0,1968700000.0,178100000.0,6950300000.0,79900000.0,1163600000.0,0.0,-207300000.0,5944900000.0,0.0,0.0,0.0,1166200000.0,-27900000.0,733200000.0,863200000.0,-1595700000.0,344900000.0,172800000.0,344900000.0,344900000.0,430100000.0,0.0,772000000.0,14.0,182200000.0,264600000.0,112000000.0,-109900000.0,-24700000.0,-1348000000.0,354900000.0,107300000.0,110900000.0,9.0,7.0,6.0,80.0,0.0,1159200000.0,-24300000.0,1085800000.0,226000000.0,0.0,16806300000.0,1983900000.0,1022600000.0,7086900000.0,9719400000.0,16806300000.0,5692700000.0,0.0,2015.0,3.33,103573573.574,SJM,JM Smucker,reports,Consumer Staples,Packaged Foods & Meats,"Orrville, Ohio",2008-11-06,91419,0.8388576105208201,-0.38977353149327676
1415,SLG,2013-12-31,312766000.0,-8487000.0,-20888000.0,2.0,-791166000.0,5015904000.0,,1653582000.0,0.0,986000.0,479665000.0,,267058000.0,285446000.0,359749000.0,115692000.0,115692000.0,0.0,13522000.0,10687540000.0,0.0,65.0,891400000.0,0.0,0.0,0.0,0.0,85390000.0,5684000.0,6747579000.0,1145267000.0,491471000.0,315026000.0,299695000.0,16708000.0,386203000.0,258940000.0,-628435000.0,135371000.0,-74739000.0,101330000.0,110696000.0,455431000.0,0.0,428956000.0,31.0,750123000.0,0.0,0.0,-15211000.0,0.0,77341000.0,0.0,-47287000.0,340316000.0,8.0,2.0,10.0,,0.0,1619150000.0,126421000.0,122128000.0,281308000.0,0.0,14959001000.0,0.0,0.0,6525405000.0,8433596000.0,14959001000.0,1371065000.0,-317356000.0,2013.0,0.39,347105128.205,SLG,SL Green Realty,reports,Real Estate,Office REITs,"New York, New York",2015-03-20,1040971,1.034047541876711,-0.310755836154884
1417,SLG,2015-12-31,486886000.0,-5127000.0,196777000.0,4.0,-3059753000.0,5439735000.0,,2158997000.0,0.0,1001000.0,534326000.0,,370435000.0,400885000.0,607464000.0,274087000.0,274087000.0,0.0,28872000.0,14620896000.0,0.0,68.0,1128503000.0,0.0,0.0,0.0,0.0,-261231000.0,13736000.0,9453108000.0,1248996000.0,431852000.0,706722000.0,1822137000.0,-26010000.0,526484000.0,1713417000.0,-2265911000.0,284084000.0,-375833000.0,269132000.0,302910000.0,572917000.0,0.0,401131000.0,24.0,850719000.0,0.0,0.0,-8749000.0,25000000.0,1055073000.0,29000000.0,-31215000.0,588235000.0,16.0,4.0,17.0,,0.0,1643546000.0,253152000.0,139137000.0,1062023000.0,0.0,19857941000.0,0.0,0.0,7287465000.0,12570476000.0,19857941000.0,1662829000.0,-10000000.0,2015.0,1.02,278513725.49,SLG,SL Green Realty,reports,Real Estate,Office REITs,"New York, New York",2015-03-20,1040971,1.2971737085529742,-0.45163457232422755
1435,SPGI,2014-12-31,2264000000.0,-9000000.0,-9000000.0,24.0,-92000000.0,493000000.0,64.0,2497000000.0,0.0,412000000.0,0.0,101.0,0.0,40000000.0,134000000.0,113000000.0,54000000.0,-65000000.0,0.0,206000000.0,1387000000.0,100.0,5051000000.0,245000000.0,1004000000.0,59000000.0,0.0,15000000.0,-103000000.0,795000000.0,0.0,51000000.0,810000000.0,0.0,955000000.0,1209000000.0,-462000000.0,-65000000.0,-115000000.0,1355000000.0,-115000000.0,-191000000.0,1292000000.0,0.0,113000000.0,2.0,214000000.0,170000000.0,1656000000.0,-514000000.0,-11000000.0,12000000.0,669000000.0,183000000.0,134000000.0,1.0,11.0,2.0,101.0,0.0,6946000000.0,-169000000.0,4795000000.0,0.0,3000000.0,6773000000.0,3962000000.0,3920000000.0,488000000.0,6285000000.0,6773000000.0,5051000000.0,-6849000000.0,2014.0,-0.42,273809523.81,SPGI,"S&P Global, Inc.",reports,Financials,Diversified Financial Services,"New York, New York",,64040,1.6290983606557377,-1.083575581395349
1436,SPGI,2015-12-31,766000000.0,-118000000.0,11000000.0,596.0,-139000000.0,475000000.0,51.0,1481000000.0,0.0,412000000.0,0.0,113.0,0.0,0.0,157000000.0,1917000000.0,1815000000.0,-67000000.0,0.0,270000000.0,2882000000.0,100.0,5313000000.0,547000000.0,1522000000.0,102000000.0,0.0,-4000000.0,-1665000000.0,3468000000.0,0.0,49000000.0,920000000.0,2817000000.0,-1016000000.0,195000000.0,1510000000.0,-2525000000.0,1156000000.0,531000000.0,1156000000.0,1268000000.0,1100000000.0,0.0,1917000000.0,36.0,213000000.0,709000000.0,1999000000.0,-600000000.0,-5000000.0,-2382000000.0,644000000.0,-107000000.0,157000000.0,34.0,936.0,22.0,113.0,0.0,7636000000.0,-904000000.0,3250000000.0,143000000.0,6000000.0,8183000000.0,3296000000.0,2908000000.0,194000000.0,7989000000.0,8183000000.0,5313000000.0,-7729000000.0,2015.0,4.26,271361502.347,SPGI,"S&P Global, Inc.",reports,Financials,Diversified Financial Services,"New York, New York",,64040,17.876288659793815,-11.052173913043479
1439,SPLS,2014-02-01,3264468000.0,-54000000.0,5000000.0,10.0,-371000000.0,4866467000.0,15.0,492532000.0,-81000000.0,563000.0,17082000000.0,156.0,0.0,0.0,458000000.0,1182000000.0,1063000000.0,-20000000.0,0.0,1870719000.0,3233597000.0,26.0,6032000000.0,356000000.0,382700000.0,119000000.0,2328299000.0,0.0,-56000000.0,1000205000.0,0.0,8572000.0,0.0,-872000000.0,-833000000.0,1108000000.0,-1442000000.0,-479000000.0,620000000.0,260000000.0,620000000.0,707000000.0,2018280000.0,64000000.0,1177000000.0,5.0,448302000.0,400447000.0,0.0,-507154000.0,0.0,-109000000.0,665386000.0,-39000000.0,55000000.0,5.0,17.0,3.0,86.0,0.0,7001755000.0,-259000000.0,4735000000.0,103982000.0,0.0,11174876000.0,5239558000.0,3368450000.0,6132263000.0,5042613000.0,11174876000.0,23114000000.0,-5229368000.0,2013.0,0.95,652631578.947,SPLS,Staples Inc.,reports,Consumer Discretionary,Specialty Stores,"Framingham, Massachusetts",,791519,0.16310536583313534,-3.942488585991856
1440,SPLS,2015-01-31,3197000000.0,-184000000.0,34000000.0,3.0,-361000000.0,4935000000.0,19.0,627000000.0,62000000.0,1000000.0,16691000000.0,151.0,0.0,0.0,467000000.0,317000000.0,268000000.0,-48000000.0,0.0,1706000000.0,2680000000.0,26.0,5801000000.0,133000000.0,335000000.0,49000000.0,2144000000.0,0.0,-70000000.0,1018000000.0,0.0,8000000.0,0.0,-27000000.0,127000000.0,1043000000.0,-493000000.0,-375000000.0,135000000.0,495000000.0,135000000.0,135000000.0,1928000000.0,641000000.0,310000000.0,1.0,636000000.0,252000000.0,0.0,-1041000000.0,0.0,-14000000.0,688000000.0,138000000.0,62000000.0,1.0,5.0,1.0,85.0,0.0,6829000000.0,-159000000.0,4816000000.0,92000000.0,0.0,10308000000.0,4951000000.0,3289000000.0,5305000000.0,5003000000.0,10308000000.0,22492000000.0,-5419000000.0,2014.0,0.21,642857142.857,SPLS,Staples Inc.,reports,Consumer Discretionary,Specialty Stores,"Framingham, Massachusetts",,791519,0.19189443920829405,-0.782258064516129
1451,STI,2013-12-31,0.0,0.0,0.0,6.0,-200000000.0,9115000000.0,,32845000000.0,0.0,550000000.0,291000000.0,,0.0,0.0,708000000.0,1927000000.0,1683000000.0,0.0,0.0,1565000000.0,6369000000.0,0.0,0.0,322000000.0,1334000000.0,244000000.0,0.0,-9212000000.0,-846000000.0,1181000000.0,155114000000.0,0.0,0.0,4654000000.0,-2994000000.0,4210000000.0,1739000000.0,-8943000000.0,1344000000.0,642000000.0,1297000000.0,1344000000.0,0.0,0.0,0.0,0.0,5690000000.0,0.0,129759000000.0,-289000000.0,-2540000000.0,469000000.0,3534000000.0,-529000000.0,576000000.0,20.0,8.0,16.0,,0.0,11936000000.0,-150000000.0,5808000000.0,8739000000.0,0.0,175335000000.0,0.0,0.0,21422000000.0,153913000000.0,175335000000.0,8602000000.0,-615000000.0,2013.0,2.43,553086419.753,STI,SunTrust Banks,reports,Financials,Banks,"Atlanta, Georgia",1988-05-31,750556,0.05513023994024834,-0.31358529111338096
1461,STX,2016-07-01,2249000000.0,464000000.0,22000000.0,16.0,-587000000.0,5929000000.0,50.0,1125000000.0,145000000.0,0.0,8545000000.0,157.0,616000000.0,0.0,815000000.0,467000000.0,274000000.0,-3000000.0,0.0,2160000000.0,1237000000.0,23.0,2615000000.0,26000000.0,448000000.0,193000000.0,868000000.0,1000000.0,-144000000.0,4130000000.0,0.0,0.0,0.0,-22000000.0,-1354000000.0,1680000000.0,-1820000000.0,-1211000000.0,248000000.0,153000000.0,248000000.0,248000000.0,1318000000.0,175000000.0,445000000.0,4.0,258000000.0,216000000.0,0.0,-25000000.0,-60000000.0,-625000000.0,280000000.0,-1000000.0,123000000.0,2.0,17.0,2.0,118.0,1237000000.0,-4311000000.0,-1011000000.0,635000000.0,0.0,6000000.0,8252000000.0,3533000000.0,2249000000.0,1593000000.0,6659000000.0,8252000000.0,11160000000.0,0.0,2016.0,0.83,298795180.723,STX,Seagate Technology,reports,Information Technology,Computer Storage & Peripherals,"Dublin, Ireland",2012-07-02,1137789,2.5925925925925926,-0.8576349024110218
1464,STZ,2015-02-28,920200000.0,16100000.0,-4400000.0,15.0,-719400000.0,2269800000.0,10.0,110100000.0,-132500000.0,2800000.0,3449400000.0,257.0,0.0,818900000.0,214200000.0,1517300000.0,1179600000.0,-2500000.0,21500000.0,2681600000.0,6208200000.0,43.0,2578600000.0,343400000.0,3181000000.0,337700000.0,1827200000.0,0.0,45500000.0,7086000000.0,0.0,110600000.0,0.0,312400000.0,46200000.0,1081000000.0,-16400000.0,-1015900000.0,839300000.0,137600000.0,839300000.0,860800000.0,598900000.0,0.0,1500200000.0,25.0,111400000.0,374600000.0,0.0,-130900000.0,-571700000.0,-296500000.0,176100000.0,-36100000.0,0.0,20.0,20.0,14.0,96.0,0.0,5277500000.0,178700000.0,1078400000.0,210500000.0,0.0,15093000000.0,2910800000.0,1130700000.0,5770700000.0,9322300000.0,15093000000.0,6028000000.0,-1648500000.0,2015.0,,,STZ,Constellation Brands,reports,Consumer Staples,Distillers & Vintners,"Victor, New York",,16918,1.227927287850694,-0.5680613452730173
1475,SWN,2013-12-31,632000000.0,-86000000.0,28000000.0,19.0,-2157000000.0,969000000.0,3.0,23000000.0,-6000000.0,4000000.0,328000000.0,94.0,0.0,1532000000.0,791000000.0,1232000000.0,1190000000.0,-1000000.0,0.0,7297000000.0,0.0,90.0,3043000000.0,486000000.0,0.0,42000000.0,38000000.0,-96000000.0,9000000.0,1950000000.0,0.0,0.0,0.0,274000000.0,-31000000.0,1909000000.0,277000000.0,-2216000000.0,704000000.0,490000000.0,704000000.0,704000000.0,464000000.0,0.0,1204000000.0,36.0,107000000.0,119000000.0,48000000.0,-4000000.0,-7000000.0,37000000.0,256000000.0,7000000.0,787000000.0,35.0,33.0,21.0,88.0,0.0,2653000000.0,10000000.0,1052000000.0,8000000.0,0.0,8048000000.0,644000000.0,688000000.0,3622000000.0,4426000000.0,8048000000.0,3371000000.0,0.0,2013.0,2.01,350248756.219,SWN,Southwestern Energy,reports,Energy,Oil & Gas Exploration & Production,"Houston, Texas[6]",2008-06-06,7332,0.5383765875207068,-1.9957567185289957
1477,SWN,2015-12-31,679000000.0,203000000.0,300000000.0,200.0,-1798000000.0,3409000000.0,2.0,15000000.0,4000000.0,4000000.0,689000000.0,56.0,0.0,0.0,1145000000.0,-6505000000.0,-6561000000.0,0.0,0.0,7543000000.0,0.0,78.0,2444000000.0,-2005000000.0,0.0,56000000.0,3000000.0,-579000000.0,-97000000.0,4728000000.0,0.0,0.0,0.0,-2243000000.0,-38000000.0,1580000000.0,20000000.0,-1638000000.0,-4556000000.0,4879000000.0,-4662000000.0,-4556000000.0,327000000.0,6950000000.0,-6522000000.0,208.0,174000000.0,48000000.0,24000000.0,-48000000.0,0.0,739000000.0,393000000.0,2000000.0,1091000000.0,209.0,288.0,145.0,55.0,0.0,-1082000000.0,2342000000.0,1208000000.0,4000000.0,0.0,8110000000.0,393000000.0,707000000.0,2282000000.0,5828000000.0,8110000000.0,3133000000.0,-1000000.0,,,,SWN,Southwestern Energy,reports,Energy,Oil & Gas Exploration & Production,"Houston, Texas[6]",2008-06-06,7332,2.0718667835232254,-5.93073593073593
1483,SYK,2014-12-31,3734000000.0,-89000000.0,-86000000.0,6.0,-233000000.0,1252000000.0,112.0,1795000000.0,-173000000.0,38000000.0,3319000000.0,195.0,0.0,0.0,378000000.0,1160000000.0,1160000000.0,-77000000.0,0.0,1098000000.0,4186000000.0,66.0,6356000000.0,645000000.0,2018000000.0,0.0,1588000000.0,-729000000.0,140000000.0,3246000000.0,0.0,0.0,0.0,1159000000.0,456000000.0,1782000000.0,629000000.0,-1878000000.0,515000000.0,1083000000.0,515000000.0,515000000.0,1572000000.0,0.0,1246000000.0,13.0,1293000000.0,524000000.0,0.0,-254000000.0,11000000.0,-916000000.0,977000000.0,-72000000.0,188000000.0,12.0,13.0,5.0,159.0,614000000.0,7559000000.0,-100000000.0,4308000000.0,727000000.0,3205000000.0,17279000000.0,8684000000.0,4461000000.0,8595000000.0,8684000000.0,17279000000.0,9675000000.0,0.0,2014.0,1.36,378676470.588,SYK,Stryker Corp.,reports,Health Care,Health Care Equipment,"Kalamazoo, Michigan",,310764,0.37766143106457245,-0.4880715705765407
1496,T,2014-12-31,31226000000.0,-2651000000.0,1581000000.0,7.0,-21199000000.0,91108000000.0,23.0,8603000000.0,0.0,6495000000.0,60145000000.0,90.0,0.0,38436000000.0,18273000000.0,13968000000.0,10355000000.0,0.0,175000000.0,112898000000.0,69692000000.0,55.0,72302000000.0,3619000000.0,66963000000.0,3613000000.0,0.0,-2124000000.0,1852000000.0,75778000000.0,250000000.0,554000000.0,0.0,5617000000.0,5264000000.0,31338000000.0,-7737000000.0,-18337000000.0,6442000000.0,11481000000.0,6442000000.0,6617000000.0,14527000000.0,0.0,12212000000.0,9.0,13425000000.0,10476000000.0,0.0,8061000000.0,-2224000000.0,4986000000.0,55068000000.0,-4353000000.0,18273000000.0,8.0,12.0,5.0,90.0,0.0,31081000000.0,-1578000000.0,41817000000.0,6056000000.0,0.0,296834000000.0,33606000000.0,37282000000.0,89716000000.0,207118000000.0,296834000000.0,132447000000.0,-47029000000.0,2014.0,1.19,5413445378.15,T,AT&T Inc,reports,Telecommunications Services,Integrated Telecommunications Services,"Dallas, Texas",1983-11-30,732717,0.8446430959917963,-0.6502334672602889
1500,TAP,2015-12-31,1184400000.0,60800000.0,9200000.0,5.0,-275000000.0,4000400000.0,35.0,430900000.0,10900000.0,1700000.0,2163500000.0,103.0,0.0,799800000.0,325500000.0,531000000.0,410700000.0,-43400000.0,516300000.0,1590800000.0,1983300000.0,39.0,1404000000.0,51800000.0,4745700000.0,120300000.0,179300000.0,-1600000.0,-114900000.0,2908700000.0,2441000000.0,20100000.0,0.0,-50800000.0,-150300000.0,715900000.0,-531500000.0,-334700000.0,359500000.0,-600000.0,359500000.0,358900000.0,525900000.0,346700000.0,521800000.0,15.0,256700000.0,122700000.0,4100000.0,-983700000.0,0.0,-58100000.0,287500000.0,71400000.0,0.0,12.0,6.0,10.0,89.0,0.0,4496000000.0,-115500000.0,1051800000.0,28700000.0,0.0,12276300000.0,1258800000.0,1217200000.0,7043000000.0,5233300000.0,12276300000.0,3567500000.0,-471400000.0,2015.0,1.94,185309278.351,TAP,Molson Coors Brewing Company,reports,Consumer Staples,Brewers,"Denver, Colorado",1976-06-30,24545,0.41299162288797386,-0.3005836575875487
1505,TDC,2015-12-31,216000000.0,1000000.0,60000000.0,25.0,-52000000.0,1128000000.0,88.0,839000000.0,-11000000.0,1000000.0,1254000000.0,182.0,41000000.0,43000000.0,170000000.0,-135000000.0,-144000000.0,-20000000.0,0.0,143000000.0,380000000.0,50.0,1276000000.0,70000000.0,212000000.0,9000000.0,49000000.0,85000000.0,16000000.0,570000000.0,0.0,0.0,0.0,313000000.0,5000000.0,401000000.0,-324000000.0,-52000000.0,-214000000.0,436000000.0,-214000000.0,-214000000.0,580000000.0,478000000.0,-195000000.0,8.0,20000000.0,266000000.0,527000000.0,-76000000.0,18000000.0,-85000000.0,115000000.0,3000000.0,0.0,6.0,17.0,8.0,177.0,228000000.0,-204000000.0,-657000000.0,765000000.0,210000000.0,0.0,2530000000.0,1734000000.0,953000000.0,849000000.0,1681000000.0,2530000000.0,2530000000.0,0.0,2015.0,-1.53,139869281.046,TDC,Teradata Corp.,reports,Information Technology,Application Software,"Miamisburg, Ohio",2007-10-01,816761,0.6713780918727915,-1.5831062670299727
1517,TGNA,2015-12-31,468244000.0,32787000.0,-11529000.0,21.0,-118767000.0,539505000.0,21.0,129200000.0,1807000.0,324419000.0,923336000.0,133.0,0.0,883141000.0,262244000.0,896565000.0,622936000.0,0.0,-5064000.0,458319000.0,3919726000.0,70.0,2127609000.0,202314000.0,3065107000.0,273629000.0,0.0,-21313000.0,-99232000.0,4200816000.0,288790000.0,264773000.0,24666000.0,-307509000.0,10716000.0,613106000.0,-819666000.0,217276000.0,459522000.0,-67069000.0,459522000.0,420622000.0,575089000.0,-58857000.0,913158000.0,30.0,657000.0,100870000.0,137893000.0,-130951000.0,-72501000.0,357356000.0,365608000.0,-40117000.0,205087000.0,20.0,28.0,15.0,133.0,0.0,7111129000.0,-271030000.0,1068221000.0,646000.0,0.0,8537758000.0,805159000.0,606783000.0,2191971000.0,6345787000.0,8537758000.0,3050945000.0,-5652131000.0,2015.0,2.04,225255882.353,TGNA,"Tegna, Inc.",reports,Consumer Discretionary,Publishing,"McLean, Virginia",1975-12-31,39899,1.9164560115074516,-0.5673747447444903
1519,TGT,2014-02-01,10945000000.0,157000000.0,391000000.0,12.0,-1886000000.0,4470000000.0,5.0,670000000.0,-504000000.0,53000000.0,50039000000.0,91.0,0.0,1349000000.0,1996000000.0,5170000000.0,4121000000.0,26000000.0,0.0,26412000000.0,0.0,30.0,21240000000.0,1427000000.0,0.0,1049000000.0,8278000000.0,3253000000.0,247000000.0,11429000000.0,0.0,0.0,0.0,-4353000000.0,-89000000.0,6520000000.0,-6364000000.0,-271000000.0,1971000000.0,1028000000.0,1971000000.0,2694000000.0,0.0,0.0,4779000000.0,7.0,6568000000.0,2625000000.0,689000000.0,-891000000.0,0.0,-1638000000.0,2767000000.0,2624000000.0,1996000000.0,6.0,25.0,3.0,26.0,0.0,12599000000.0,-1005000000.0,14465000000.0,1143000000.0,0.0,44553000000.0,11573000000.0,12777000000.0,16231000000.0,28322000000.0,44553000000.0,71279000000.0,0.0,2013.0,3.1,635806451.613,TGT,Target Corp.,reports,Consumer Discretionary,General Merchandise Stores,"Minneapolis, Minnesota",1976-12-31,27419,0.7041463865442671,-0.34278092697565854
1520,TGT,2015-01-31,11542000000.0,0.0,0.0,12.0,-1786000000.0,4899000000.0,19.0,2210000000.0,-512000000.0,53000000.0,51278000000.0,116.0,0.0,1160000000.0,2129000000.0,4535000000.0,3653000000.0,0.0,0.0,25952000000.0,0.0,29.0,21340000000.0,1204000000.0,0.0,882000000.0,8282000000.0,106000000.0,777000000.0,12634000000.0,0.0,0.0,0.0,-166000000.0,1515000000.0,4439000000.0,-998000000.0,-1926000000.0,-1636000000.0,4488000000.0,-1636000000.0,2449000000.0,0.0,0.0,4535000000.0,6.0,1596000000.0,3132000000.0,103000000.0,-599000000.0,0.0,-246000000.0,1645000000.0,-115000000.0,2129000000.0,5.0,26.0,2.0,46.0,0.0,9644000000.0,373000000.0,14676000000.0,91000000.0,0.0,41172000000.0,13624000000.0,11736000000.0,13997000000.0,27175000000.0,41172000000.0,72618000000.0,0.0,2014.0,-2.58,634108527.132,TGT,Target Corp.,reports,Consumer Discretionary,General Merchandise Stores,"Minneapolis, Minnesota",1976-12-31,27419,0.9026219904265199,-1.8300355149670218
1521,TGT,2016-01-30,11654000000.0,0.0,620000000.0,26.0,-1438000000.0,5348000000.0,32.0,4046000000.0,-316000000.0,50000000.0,51997000000.0,112.0,0.0,823000000.0,2213000000.0,5530000000.0,4923000000.0,0.0,0.0,25217000000.0,0.0,30.0,21788000000.0,1602000000.0,0.0,607000000.0,8601000000.0,24000000.0,534000000.0,11945000000.0,0.0,0.0,0.0,-85000000.0,1836000000.0,5844000000.0,-4516000000.0,508000000.0,3363000000.0,-881000000.0,3363000000.0,3321000000.0,0.0,0.0,4910000000.0,7.0,915000000.0,1483000000.0,153000000.0,-629000000.0,0.0,1922000000.0,1915000000.0,227000000.0,2213000000.0,7.0,38.0,5.0,44.0,0.0,8188000000.0,-3069000000.0,14665000000.0,815000000.0,0.0,40262000000.0,14130000000.0,12622000000.0,12957000000.0,27305000000.0,40262000000.0,73785000000.0,0.0,2015.0,5.35,628598130.841,TGT,Target Corp.,reports,Consumer Discretionary,General Merchandise Stores,"Minneapolis, Minnesota",1976-12-31,27419,0.9218955005016594,-3.0556234718826407
1523,TIF,2014-01-31,374066000.0,-23200000.0,13200000.0,7.0,-221400000.0,1095304000.0,53.0,345778000.0,-168300000.0,1283000.0,1690700000.0,463.0,278390000.0,81865000.0,171100000.0,317500000.0,254900000.0,-1500000.0,0.0,855095000.0,0.0,58.0,2340400000.0,73500000.0,0.0,62600000.0,2326580000.0,-25400000.0,-40400000.0,751154000.0,0.0,13531000.0,0.0,70000000.0,-159000000.0,154700000.0,-65400000.0,-246800000.0,181400000.0,70100000.0,181400000.0,181400000.0,289826000.0,0.0,304300000.0,8.0,390478000.0,244947000.0,70309000.0,-58548000.0,0.0,0.0,488624000.0,-36000000.0,0.0,6.0,9.0,5.0,129.0,0.0,1682398000.0,27900000.0,2036100000.0,252365000.0,21257000.0,4752351000.0,3228388000.0,696740000.0,2720437000.0,2031914000.0,4752351000.0,4031100000.0,0.0,2013.0,1.42,127746478.873,TIF,Tiffany & Co.,reports,Consumer Discretionary,"Apparel, Accessories & Luxury Goods","New York, New York",,98246,0.27611519766860987,-0.5641068154566666
1555,TSO,2013-12-31,2596000000.0,36000000.0,39000000.0,10.0,-570000000.0,1186000000.0,36.0,1238000000.0,-311000000.0,26000000.0,34085000000.0,156.0,0.0,1018000000.0,504000000.0,829000000.0,680000000.0,0.0,11000000.0,6875000000.0,0.0,9.0,3516000000.0,246000000.0,263000000.0,149000000.0,2565000000.0,-2013000000.0,518000000.0,2823000000.0,0.0,1183000000.0,0.0,1187000000.0,-401000000.0,859000000.0,1317000000.0,-2577000000.0,412000000.0,-299000000.0,412000000.0,434000000.0,1313000000.0,0.0,755000000.0,2.0,925000000.0,210000000.0,812000000.0,-52000000.0,-24000000.0,6000000.0,655000000.0,-43000000.0,489000000.0,2.0,16.0,1.0,81.0,0.0,3940000000.0,334000000.0,2248000000.0,0.0,0.0,13389000000.0,5326000000.0,3408000000.0,4302000000.0,9087000000.0,13389000000.0,37601000000.0,-798000000.0,2013.0,3.05,135081967.213,TSO,Tesoro Petroleum Co.,reports,Energy,Oil & Gas Refining & Marketing & Transportation,"San Antonio, Texas",2007-09-27,50104,0.6562064156206415,-0.4454912516823688
1579,UAL,2013-12-31,7188000000.0,-142000000.0,24000000.0,19.0,-2164000000.0,7425000000.0,43.0,3251000000.0,0.0,4000000.0,17192000000.0,72.0,0.0,4197000000.0,1689000000.0,1273000000.0,539000000.0,0.0,0.0,18047000000.0,4523000000.0,55.0,21087000000.0,-32000000.0,4436000000.0,734000000.0,667000000.0,-120000000.0,-892000000.0,10924000000.0,0.0,0.0,0.0,-896000000.0,-1550000000.0,1444000000.0,-972000000.0,-2022000000.0,571000000.0,54000000.0,571000000.0,571000000.0,2179000000.0,520000000.0,1249000000.0,3.0,1104000000.0,704000000.0,3434000000.0,608000000.0,-2000000.0,262000000.0,6600000000.0,164000000.0,1689000000.0,1.0,18.0,1.0,66.0,0.0,-5015000000.0,29000000.0,17629000000.0,1485000000.0,1901000000.0,36812000000.0,8702000000.0,12107000000.0,2984000000.0,33828000000.0,36812000000.0,38279000000.0,-38000000.0,2013.0,1.64,348170731.707,UAL,United Continental Holdings,reports,Industrials,Airlines,"Chicago, Illinois",2015-09-03,100517,3.660857908847185,-1.7897648686030427
1583,UDR,2013-12-31,226715000.0,0.0,4619000.0,2.0,-434279000.0,4109765000.0,,53045000.0,0.0,2507000.0,258612000.0,,26924000.0,0.0,357762000.0,121124000.0,-4959000.0,0.0,-415000.0,5999183000.0,0.0,66.0,500314000.0,-7299000.0,0.0,126083000.0,0.0,68666000.0,-16699000.0,3523703000.0,507655000.0,856000.0,217597000.0,54879000.0,18134000.0,339902000.0,-198559000.0,-123209000.0,44812000.0,-32308000.0,41088000.0,2340000.0,83033000.0,0.0,116920000.0,15.0,137882000.0,0.0,13847000.0,-5125000.0,-8544000.0,234765000.0,0.0,-15135000.0,346273000.0,1.0,0.0,6.0,,0.0,-1342070000.0,0.0,37121000.0,27203000.0,0.0,6807722000.0,0.0,0.0,2811648000.0,3996074000.0,6807722000.0,758926000.0,0.0,2013.0,0.16,280075000.0,UDR,UDR Inc,reports,Real Estate,Residential REITs,"Highlands Ranch, Colorado",2016-03-07,74208,1.253251829532004,-0.7887989744411505
1600,UNM,2014-12-31,0.0,-21500000.0,0.0,5.0,-114500000.0,2221200000.0,,102500000.0,0.0,30200000.0,7722100000.0,,1901300000.0,62000000.0,87900000.0,709500000.0,542000000.0,0.0,0.0,531700000.0,198700000.0,27.0,2802400000.0,139900000.0,0.0,167500000.0,0.0,-772200000.0,1077400000.0,2854400000.0,51469200000.0,0.0,0.0,147400000.0,8400000.0,1223600000.0,-328600000.0,-886600000.0,402100000.0,-211800000.0,402100000.0,402100000.0,6610600000.0,0.0,542000000.0,5.0,661900000.0,0.0,0.0,166400000.0,-22900000.0,100000.0,51011900000.0,-110500000.0,1272000000.0,5.0,6.0,4.0,,0.0,7302300000.0,-293700000.0,820900000.0,151900000.0,974300000.0,62450200000.0,0.0,0.0,8521900000.0,53928300000.0,62450200000.0,10524500000.0,-1198200000.0,2014.0,1.62,248209876.543,UNM,Unum Group,reports,Financials,Diversified Financial Services,"Chattanooga, Tennessee",1994-03-01,5513,0.334948779028151,-0.5252656434474616
1608,UPS,2014-12-31,5783000000.0,-523000000.0,22000000.0,142.0,-2328000000.0,0.0,38.0,2291000000.0,0.0,9000000.0,14758000000.0,130.0,1219000000.0,78000000.0,1923000000.0,4990000000.0,4637000000.0,-138000000.0,0.0,18281000000.0,2184000000.0,75.0,43474000000.0,1605000000.0,847000000.0,353000000.0,0.0,-375000000.0,699000000.0,9856000000.0,489000000.0,17000000.0,0.0,-169000000.0,-2374000000.0,5726000000.0,-5161000000.0,-2801000000.0,3032000000.0,449000000.0,3032000000.0,3032000000.0,6661000000.0,0.0,4968000000.0,9.0,1202000000.0,1274000000.0,1367000000.0,-3535000000.0,-205000000.0,-98000000.0,14727000000.0,146000000.0,1923000000.0,8.0,217.0,5.0,130.0,0.0,5726000000.0,-2421000000.0,36583000000.0,1471000000.0,992000000.0,35440000000.0,11218000000.0,8621000000.0,2141000000.0,33299000000.0,35440000000.0,58232000000.0,-59000000.0,2014.0,3.31,916012084.592,UPS,United Parcel Service,reports,Industrials,Air Freight & Logistics,"Atlanta, Georgia",,1090727,4.603456328818309,-0.3064958828911254
1621,UTX,2016-12-31,19702000000.0,-941000000.0,0.0,18.0,-1699000000.0,0.0,33.0,7157000000.0,-719000000.0,17285000000.0,41460000000.0,130.0,1809000000.0,0.0,1962000000.0,8172000000.0,7133000000.0,-120000000.0,0.0,9158000000.0,27059000000.0,28.0,15784000000.0,1697000000.0,15684000000.0,1039000000.0,8704000000.0,28000000.0,147000000.0,21697000000.0,1398000000.0,1590000000.0,296000000.0,3686000000.0,69000000.0,6412000000.0,-1188000000.0,-2509000000.0,5055000000.0,313000000.0,5055000000.0,5065000000.0,11481000000.0,0.0,8172000000.0,14.0,6048000000.0,1208000000.0,0.0,-8429000000.0,-564000000.0,-838000000.0,16638000000.0,-2312000000.0,0.0,12.0,26.0,9.0,91.0,2337000000.0,52873000000.0,-2241000000.0,5275000000.0,2204000000.0,0.0,89706000000.0,28550000000.0,21906000000.0,27579000000.0,62127000000.0,89706000000.0,57244000000.0,-34150000000.0,,,,UTX,United Technologies,reports,Industrials,Industrial Conglomerates,"Hartford, Connecticut",,101829,0.7867217810653033,-0.3355678233438486
1643,VMC,2013-12-31,298965000.0,-42260000.0,47731000.0,1.0,-275380000.0,2611703000.0,65.0,193738000.0,-7700000.0,130200000.0,2343829000.0,318.0,0.0,944475000.0,307108000.0,198885000.0,-3703000.0,0.0,0.0,3312017000.0,3081521000.0,15.0,426880000.0,-24459000.0,697578000.0,202588000.0,344606000.0,0.0,-22054000.0,2522243000.0,42387000.0,0.0,0.0,-150602000.0,-81740000.0,356499000.0,-142049000.0,-296190000.0,24382000.0,84131000.0,24382000.0,20756000.0,380044000.0,1509000.0,190404000.0,7.0,174144000.0,33108000.0,0.0,-99631000.0,0.0,-20810000.0,555184000.0,12892000.0,0.0,0.0,0.0,1.0,203.0,0.0,1295834000.0,13583000.0,274217000.0,170000.0,0.0,8259143000.0,951496000.0,299135000.0,3938106000.0,4321037000.0,8259143000.0,2770709000.0,0.0,2013.0,0.19,128326315.789,VMC,Vulcan Materials,reports,Materials,Construction Materials,"Birmingham, Alabama",,1396009,0.6404710792446927,-1.4635978172000077
1656,VRSN,2014-12-31,190278000.0,-73000.0,4878000.0,40.0,-39327000.0,18120045000.0,99.0,191608000.0,0.0,322000.0,188425000.0,103.0,33887000.0,513514000.0,74568000.0,569305000.0,483311000.0,-1500000.0,0.0,319028000.0,52527000.0,81.0,821692000.0,128051000.0,0.0,85994000.0,0.0,151563000.0,79937000.0,740175000.0,0.0,0.0,0.0,0.0,-147615000.0,600949000.0,-859752000.0,112688000.0,355260000.0,36154000.0,355260000.0,355260000.0,13448000.0,0.0,564427000.0,56.0,15918000.0,41658000.0,621307000.0,-2998000.0,0.0,452000.0,98722000.0,55103000.0,0.0,48.0,55.0,35.0,103.0,67777000.0,-19000835000.0,-865806000.0,189488000.0,620620000.0,1233076000.0,1901150000.0,1479790000.0,1432205000.0,-883466000.0,2784616000.0,1901150000.0,1010117000.0,0.0,2014.0,2.8,126878571.429,VRSN,Verisign Inc.,reports,Information Technology,Internet Software & Services,"Dulles, Virginia",,1014473,-0.8378081329671997,-0.3474882909358068
1677,WDC,2016-07-01,3615000000.0,351000000.0,-47000000.0,2.0,-584000000.0,4429000000.0,121.0,8151000000.0,306000000.0,3000000.0,9559000000.0,181.0,0.0,0.0,1190000000.0,419000000.0,153000000.0,1000000.0,0.0,3503000000.0,9951000000.0,26.0,3435000000.0,-89000000.0,5034000000.0,266000000.0,2129000000.0,811000000.0,-291000000.0,13660000000.0,1171000000.0,0.0,0.0,11929000000.0,3127000000.0,1983000000.0,10751000000.0,-9608000000.0,242000000.0,174000000.0,242000000.0,242000000.0,1461000000.0,0.0,466000000.0,4.0,619000000.0,616000000.0,0.0,103000000.0,-50000000.0,-9835000000.0,1108000000.0,11000000.0,0.0,1.0,1.0,2.0,150.0,1627000000.0,8848000000.0,-556000000.0,1342000000.0,3334000000.0,227000000.0,32862000000.0,12584000000.0,6949000000.0,11145000000.0,21717000000.0,32862000000.0,12994000000.0,-2238000000.0,2016.0,1.01,239603960.396,WDC,Western Digital,reports,Information Technology,Computer Storage & Peripherals,"Irvine, California",2009-07-01,106040,1.2256617317182592,-0.8348122866894198
1695,WLTW,2013-12-31,21000000.0,-116000000.0,-38000000.0,16.0,-112000000.0,1316000000.0,,796000000.0,0.0,0.0,0.0,,22000000.0,667000000.0,155000000.0,625000000.0,499000000.0,-8000000.0,0.0,481000000.0,2838000000.0,100.0,3655000000.0,122000000.0,353000000.0,126000000.0,0.0,-3000000.0,-485000000.0,2311000000.0,176000000.0,28000000.0,0.0,-87000000.0,304000000.0,561000000.0,-137000000.0,-120000000.0,365000000.0,158000000.0,365000000.0,377000000.0,1041000000.0,0.0,663000000.0,18.0,9093000000.0,0.0,0.0,-693000000.0,2000000.0,-5000000.0,9558000000.0,472000000.0,785000000.0,14.0,23.0,10.0,,0.0,1595000000.0,151000000.0,2207000000.0,0.0,0.0,14800000000.0,0.0,0.0,2215000000.0,12585000000.0,14800000000.0,3655000000.0,-3000000.0,2013.0,,,WLTW,Willis Towers Watson,reports,Financials,Insurance Brokers,"London, United Kingdom",2016-01-05,1140536,1.0433408577878105,-1.8183856502242153
1700,WM,2015-12-31,1785000000.0,-178000000.0,-562000000.0,14.0,-1233000000.0,4827000000.0,2.0,39000000.0,0.0,6000000.0,8231000000.0,93.0,0.0,1391000000.0,1335000000.0,1445000000.0,1060000000.0,-3000000.0,-38000000.0,10665000000.0,5984000000.0,36.0,4730000000.0,308000000.0,477000000.0,385000000.0,92000000.0,-20000000.0,-209000000.0,8676000000.0,360000000.0,22000000.0,0.0,-982000000.0,-1268000000.0,2498000000.0,-2155000000.0,-1608000000.0,753000000.0,789000000.0,753000000.0,160000000.0,2094000000.0,97000000.0,2045000000.0,16.0,536000000.0,120000000.0,472000000.0,-127000000.0,31000000.0,-355000000.0,2423000000.0,9000000.0,1245000000.0,8.0,20.0,6.0,90.0,0.0,6939000000.0,-524000000.0,1343000000.0,253000000.0,0.0,20367000000.0,2345000000.0,2510000000.0,5345000000.0,15022000000.0,20367000000.0,12961000000.0,-6300000000.0,2015.0,1.66,453614457.831,WM,Waste Management Inc.,reports,Industrials,Environmental Services,"Houston, Texas",,823768,1.623199251637044,-0.41987673343605547
1703,WMB,2013-12-31,1757000000.0,35000000.0,81000000.0,9.0,-3572000000.0,11599000000.0,34.0,681000000.0,-17000000.0,718000000.0,4124000000.0,85.0,0.0,3529000000.0,852000000.0,1590000000.0,1080000000.0,0.0,134000000.0,18210000000.0,646000000.0,40.0,2736000000.0,401000000.0,1644000000.0,510000000.0,194000000.0,-461000000.0,140000000.0,11353000000.0,4360000000.0,4057000000.0,0.0,827000000.0,-158000000.0,2217000000.0,1677000000.0,-4052000000.0,430000000.0,453000000.0,430000000.0,679000000.0,701000000.0,0.0,1375000000.0,20.0,599000000.0,107000000.0,0.0,-164000000.0,17000000.0,-19000000.0,1356000000.0,86000000.0,815000000.0,16.0,22.0,6.0,75.0,0.0,-6248000000.0,2304000000.0,546000000.0,226000000.0,0.0,27142000000.0,1683000000.0,1983000000.0,4864000000.0,22278000000.0,27142000000.0,6860000000.0,-1041000000.0,2013.0,0.63,682539682.54,WMB,Williams Cos.,reports,Energy,Oil & Gas Exploration & Production,"Tulsa, Oklahoma",1975-03-31,107263,2.3340871710526314,-0.49941792782305006
1705,WMB,2015-12-31,1822000000.0,39000000.0,129000000.0,9.0,-3167000000.0,14807000000.0,4.0,100000000.0,105000000.0,784000000.0,3434000000.0,61.0,0.0,4218000000.0,1820000000.0,-669000000.0,-1713000000.0,0.0,-1024000000.0,29579000000.0,47000000.0,53.0,3926000000.0,-399000000.0,9970000000.0,1044000000.0,127000000.0,-707000000.0,-64000000.0,23812000000.0,7336000000.0,10077000000.0,0.0,2915000000.0,-140000000.0,2678000000.0,481000000.0,-3299000000.0,-571000000.0,2335000000.0,-571000000.0,-1314000000.0,1083000000.0,1098000000.0,226000000.0,3.0,561000000.0,217000000.0,0.0,-442000000.0,395000000.0,575000000.0,2268000000.0,-243000000.0,1738000000.0,23.0,28.0,8.0,56.0,0.0,-7960000000.0,197000000.0,864000000.0,675000000.0,0.0,49020000000.0,1527000000.0,2497000000.0,6148000000.0,42872000000.0,49020000000.0,7360000000.0,-1041000000.0,2015.0,-0.76,751315789.474,WMB,Williams Cos.,reports,Energy,Oil & Gas Exploration & Production,"Tulsa, Oklahoma",1975-03-31,107263,3.8731294729993495,-1.270104068117313
1712,WRK,2016-09-30,1460300000.0,36600000.0,61300000.0,4.0,-796700000.0,10458600000.0,17.0,366400000.0,50600000.0,2500000.0,11413200000.0,179.0,0.0,3130700000.0,1146500000.0,501300000.0,244600000.0,6600000.0,9700000.0,9294300000.0,4778100000.0,19.0,2758600000.0,89800000.0,2599300000.0,256700000.0,1638200000.0,-174200000.0,-29300000.0,5496300000.0,0.0,101200000.0,13700000.0,561700000.0,112600000.0,1688400000.0,-231000000.0,-1351400000.0,-389900000.0,957600000.0,-396300000.0,154800000.0,1592200000.0,366400000.0,430300000.0,3.0,2453900000.0,315800000.0,429800000.0,-626400000.0,-51700000.0,-380500000.0,2384500000.0,-83700000.0,211800000.0,2.0,3.0,3.0,104.0,0.0,-105900000.0,-323500000.0,1750100000.0,292900000.0,0.0,23038200000.0,3912600000.0,2183000000.0,9728800000.0,13309400000.0,23038200000.0,14171800000.0,0.0,2016.0,-1.56,249935897.436,WRK,WestRock Company,reports,Materials,Paper Packaging,"Richmond, Virginia",,1636023,0.5649514842529397,-1.7618210238374366
1720,WY,2015-12-31,875000000.0,17000000.0,36000000.0,10.0,-479000000.0,0.0,116.0,1012000000.0,10000000.0,638000000.0,5694000000.0,248.0,4000000.0,86000000.0,479000000.0,850000000.0,503000000.0,0.0,-105000000.0,9261000000.0,40000000.0,20.0,1388000000.0,-3000000.0,0.0,347000000.0,568000000.0,0.0,-118000000.0,4891000000.0,74000000.0,0.0,0.0,0.0,-568000000.0,1064000000.0,-1145000000.0,-487000000.0,506000000.0,202000000.0,462000000.0,506000000.0,517000000.0,25000000.0,919000000.0,13.0,933000000.0,77000000.0,0.0,2868000000.0,2000000.0,-8000000.0,1765000000.0,-32000000.0,0.0,7.0,10.0,7.0,184.0,24000000.0,1349000000.0,-484000000.0,420000000.0,0.0,0.0,12486000000.0,2174000000.0,875000000.0,4869000000.0,7617000000.0,12486000000.0,7082000000.0,0.0,2015.0,0.89,568539325.843,WY,Weyerhaeuser Corp.,reports,Real Estate,REITs,"Federal Way, Washington",,106535,1.004518381597864,-0.7228915662650602
1728,WYNN,2015-12-31,657762000.0,47011000.0,-70484000.0,174.0,-1921240000.0,983131000.0,198.0,2080089000.0,-23613000.0,1146000.0,2530374000.0,226.0,104367000.0,36357000.0,342414000.0,590153000.0,289247000.0,412000.0,1823000.0,7477478000.0,0.0,38.0,1545509000.0,7723000.0,110972000.0,300906000.0,74493000.0,-3660000.0,-220361000.0,9212765000.0,136983000.0,133824000.0,0.0,1916725000.0,-102075000.0,572813000.0,1216258000.0,-1891558000.0,195290000.0,145838000.0,195290000.0,71109000.0,187887000.0,88738000.0,658814000.0,16.0,186681000.0,48012000.0,452409000.0,1092000.0,0.0,33342000.0,141121000.0,0.0,322629000.0,7.0,258.0,5.0,219.0,0.0,55332000.0,-8564000.0,475328000.0,0.0,115297000.0,10522259000.0,2505778000.0,1110171000.0,-111979000.0,10634238000.0,10522259000.0,4075883000.0,-1152680000.0,2015.0,1.93,101186528.497,WYNN,Wynn Resorts Ltd,reports,Consumer Discretionary,Casinos & Gaming,"Las Vegas, Nevada",2008-11-14,1174922,-82.27225640521884,-0.7330477312679584
1732,XEC,2015-12-31,396636000.0,186699000.0,24822000.0,86.0,-1049636000.0,2762976000.0,190.0,779382000.0,0.0,948000.0,519874000.0,263.0,0.0,352705000.0,778923000.0,-3727227000.0,-3782384000.0,0.0,0.0,3506155000.0,620232000.0,64.0,932745000.0,-1373436000.0,0.0,55157000.0,54579000.0,0.0,-276735000.0,1485620000.0,501000.0,0.0,0.0,-24633000.0,373520000.0,691500000.0,690625000.0,-1008605000.0,-2408948000.0,2373607000.0,-2408948000.0,-2408948000.0,218425000.0,3726004000.0,-3740803000.0,258.0,38468000.0,25544000.0,13431000.0,441000.0,0.0,41031000.0,197216000.0,37954000.0,778923000.0,260.0,135.0,166.0,250.0,0.0,33313000.0,773539000.0,179867000.0,0.0,0.0,5243286000.0,1077930000.0,410067000.0,2797678000.0,2445608000.0,5243286000.0,1452619000.0,0.0,2015.0,-25.92,92937808.642,XEC,Cimarex Energy,reports,Energy,Oil & Gas Exploration & Production,"Denver, Colorado",2014-06-21,1168054,0.5310189378477438,-5.749465698220045
1739,XL,2014-12-31,493230000.0,-2488000.0,-628855000.0,2.0,0.0,7359102000.0,,2521814000.0,0.0,2552000.0,4239474000.0,,559024000.0,66246000.0,221162000.0,392623000.0,258517000.0,-90115000.0,107218000.0,0.0,0.0,36.0,2362793000.0,96897000.0,447952000.0,134106000.0,0.0,1335112000.0,-372022000.0,2155810000.0,33430520000.0,1402015000.0,0.0,-600000000.0,720982000.0,963184000.0,-1863708000.0,1711621000.0,188340000.0,968669000.0,188340000.0,161620000.0,6127385000.0,0.0,258517000.0,4.0,1703397000.0,0.0,0.0,1484458000.0,-268298000.0,376509000.0,30143630000.0,-120975000.0,1341315000.0,4.0,3.0,3.0,,0.0,1187639000.0,-747325000.0,0.0,1245367000.0,256727000.0,45046819000.0,0.0,0.0,10033751000.0,35013068000.0,45046819000.0,6602267000.0,0.0,2014.0,0.71,265267605.634,XL,XL Capital,reports,Financials,Property & Casualty Insurance,"Hamilton, Bermuda",,875159,0.21485584005423297,-0.822306673359021
1748,XOM,2015-12-31,35214000000.0,4692000000.0,1750000000.0,9.0,-26490000000.0,0.0,7.0,3705000000.0,-379000000.0,11612000000.0,165590000000.0,79.0,0.0,36818000000.0,18048000000.0,22277000000.0,21966000000.0,-394000000.0,7644000000.0,251605000000.0,0.0,36.0,93898000000.0,5415000000.0,0.0,311000000.0,16245000000.0,235000000.0,-7471000000.0,25342000000.0,34245000000.0,5999000000.0,0.0,9255000000.0,-911000000.0,30344000000.0,-7037000000.0,-23824000000.0,16150000000.0,-750000000.0,16150000000.0,23794000000.0,19875000000.0,1523000000.0,12883000000.0,5.0,8285000000.0,2798000000.0,0.0,-23511000000.0,2000000.0,2431000000.0,43812000000.0,-347000000.0,18048000000.0,8.0,13.0,6.0,49.0,0.0,412444000000.0,-4034000000.0,61444000000.0,18762000000.0,0.0,336758000000.0,42623000000.0,53976000000.0,170811000000.0,165947000000.0,336758000000.0,259488000000.0,-229734000000.0,2015.0,3.85,4194805194.81,XOM,Exxon Mobil Corp.,reports,Energy,Integrated Oil & Gas,"Irving, Texas",,34088,0.14836281035764676,-0.5033825338253383
1756,XRX,2015-12-31,2265000000.0,408000000.0,0.0,5.0,-251000000.0,3017000000.0,26.0,1368000000.0,-101000000.0,1013000000.0,12782000000.0,127.0,0.0,0.0,1190000000.0,412000000.0,412000000.0,-88000000.0,135000000.0,1491000000.0,8823000000.0,29.0,5263000000.0,-23000000.0,1765000000.0,0.0,942000000.0,0.0,221000000.0,6382000000.0,3965000000.0,43000000.0,349000000.0,-370000000.0,-43000000.0,1611000000.0,-2074000000.0,508000000.0,474000000.0,-77000000.0,474000000.0,570000000.0,3634000000.0,186000000.0,412000000.0,2.0,2088000000.0,644000000.0,2004000000.0,-4642000000.0,-1000000.0,759000000.0,3715000000.0,-522000000.0,310000000.0,2.0,5.0,3.0,109.0,563000000.0,9686000000.0,-1334000000.0,3792000000.0,985000000.0,0.0,24817000000.0,6685000000.0,5254000000.0,9074000000.0,15743000000.0,24817000000.0,18045000000.0,0.0,2015.0,0.42,1128571428.57,XRX,Xerox Corp.,reports,Information Technology,IT Consulting & Other Services,"Norwalk, Connecticut",,108772,0.7033281904342076,-0.5320829220138203
1762,YHOO,2013-12-31,1045813000.0,26199000.0,123307000.0,10.0,-342971000.0,8688304000.0,254.0,2077590000.0,0.0,1015000.0,1349380000.0,375.0,0.0,1106860000.0,670834000.0,713233000.0,713233000.0,-18330000.0,896675000.0,1488518000.0,4679648000.0,71.0,3331000000.0,153392000.0,417808000.0,0.0,0.0,682891000.0,-256546000.0,1110585000.0,5015847000.0,55688000.0,0.0,1206638000.0,-590188000.0,1195247000.0,-1743884000.0,-23221000.0,1366281000.0,-649207000.0,1366281000.0,1446231000.0,979559000.0,67321000.0,589926000.0,13.0,177281000.0,638404000.0,294499000.0,318389000.0,-148575000.0,-363141000.0,116605000.0,27401000.0,44841000.0,15.0,5.0,29.0,375.0,957587000.0,4267429000.0,-2866354000.0,1751275000.0,0.0,1330304000.0,16804959000.0,5025857000.0,1340312000.0,13074909000.0,3730050000.0,16804959000.0,4680380000.0,-200228000.0,2013.0,1.3,1050985384.62,YHOO,Yahoo Inc.,reports,Information Technology,Internet Software & Services,"Sunnyvale, California",,1011006,0.08494017052049846,-0.6537097270065307
1764,YHOO,2015-12-31,1143349000.0,-39065000.0,-64682000.0,15.0,-554163000.0,8807273000.0,459.0,1631911000.0,0.0,959000.0,2077748000.0,588.0,0.0,13494992000.0,719892000.0,-4813176000.0,-4813176000.0,-23619000.0,383571000.0,1547323000.0,808114000.0,58.0,2890553000.0,-89598000.0,347269000.0,0.0,0.0,2446759000.0,-3427810000.0,1233485000.0,34651551000.0,35883000.0,0.0,0.0,-1032187000.0,-2383422000.0,-377258000.0,1752112000.0,-4359082000.0,4692826000.0,-4359082000.0,-4347982000.0,1047504000.0,4624660000.0,-4748494000.0,96.0,342390000.0,602792000.0,134031000.0,16576031000.0,-275052000.0,-140484000.0,118689000.0,21842000.0,79042000.0,97.0,17.0,88.0,588.0,1177923000.0,4570807000.0,-144641000.0,1768522000.0,0.0,4225112000.0,45203966000.0,7507319000.0,1277380000.0,29043537000.0,16160429000.0,45203966000.0,4968301000.0,-911533000.0,2015.0,-4.64,939457327.586,YHOO,Yahoo Inc.,reports,Information Technology,Internet Software & Services,"Sunnyvale, California",,1011006,0.04247020602208333,-1.57953175937826
1766,YUM,2013-12-28,2194000000.0,-12000000.0,0.0,50.0,-1049000000.0,0.0,30.0,669000000.0,18000000.0,0.0,9501000000.0,75.0,399000000.0,0.0,721000000.0,1798000000.0,1551000000.0,-5000000.0,0.0,4459000000.0,889000000.0,27.0,3583000000.0,487000000.0,638000000.0,247000000.0,294000000.0,0.0,-88000000.0,2918000000.0,53000000.0,63000000.0,39000000.0,-67000000.0,-203000000.0,2139000000.0,-1451000000.0,-886000000.0,1091000000.0,326000000.0,1091000000.0,1091000000.0,442000000.0,331000000.0,1798000000.0,14.0,566000000.0,286000000.0,0.0,64000000.0,-80000000.0,163000000.0,1244000000.0,110000000.0,0.0,12.0,72.0,8.0,62.0,0.0,2102000000.0,-733000000.0,1454000000.0,71000000.0,0.0,8695000000.0,1691000000.0,2265000000.0,2166000000.0,6529000000.0,8695000000.0,13084000000.0,0.0,2013.0,2.41,452697095.436,YUM,Yum! Brands Inc,reports,Consumer Discretionary,Restaurants,"Louisville, Kentucky",1997-10-06,1041061,1.3471837488457987,-0.3168440826549781
1772,ZBH,2015-12-31,432000000.0,-56100000.0,-27500000.0,1.0,-434100000.0,8195300000.0,100.0,1459300000.0,-205400000.0,3000000.0,1800600000.0,362.0,0.0,3150200000.0,712400000.0,439800000.0,153200000.0,-22600000.0,0.0,2062600000.0,9934200000.0,70.0,4197200000.0,7000000.0,8746300000.0,286600000.0,2254100000.0,588100000.0,-263100000.0,11556300000.0,0.0,1500000.0,0.0,-239900000.0,376000000.0,816700000.0,7139800000.0,-7557900000.0,147000000.0,341200000.0,147000000.0,147000000.0,1446500000.0,831800000.0,467300000.0,8.0,613500000.0,538400000.0,1185900000.0,-329000000.0,0.0,-7711900000.0,1005700000.0,141500000.0,337400000.0,3.0,2.0,2.0,223.0,268800000.0,8347700000.0,-44800000.0,2291900000.0,0.0,164600000.0,27219500000.0,5862900000.0,1617900000.0,9887900000.0,17331600000.0,27219500000.0,5997800000.0,-6329100000.0,2015.0,0.78,188461538.462,ZBH,Zimmer Biomet Holdings,reports,Health Care,Health Care Equipment,"Warsaw, Indiana",,1136869,1.168731479889562,-0.7959183673469388
1779,ZTS,2015-12-31,1313000000.0,-58000000.0,-81000000.0,32.0,-224000000.0,1012000000.0,65.0,1154000000.0,-262000000.0,5000000.0,1738000000.0,215.0,82000000.0,264000000.0,199000000.0,669000000.0,545000000.0,-32000000.0,0.0,1307000000.0,1455000000.0,64.0,3027000000.0,206000000.0,1190000000.0,124000000.0,1467000000.0,0.0,87000000.0,4526000000.0,0.0,23000000.0,0.0,1115000000.0,272000000.0,664000000.0,755000000.0,-1115000000.0,339000000.0,334000000.0,339000000.0,339000000.0,937000000.0,320000000.0,750000000.0,16.0,49000000.0,272000000.0,63000000.0,-622000000.0,0.0,-891000000.0,251000000.0,25000000.0,61000000.0,11.0,51.0,7.0,133.0,364000000.0,876000000.0,-192000000.0,1532000000.0,405000000.0,0.0,7913000000.0,3830000000.0,1781000000.0,1068000000.0,6845000000.0,7913000000.0,4765000000.0,-203000000.0,2015.0,0.68,498529411.765,ZTS,Zoetis,reports,Health Care,Pharmaceuticals,"Florham Park, New Jersey",2013-06-21,1555280,4.237827715355805,-0.41852487135506
